{
  "session_id": "proj_0014c181",
  "created_at": "2025-11-29T05:40:17.767375",
  "updated_at": "2025-11-29T05:41:27.566484",
  "product_info": {
    "product_name": "제디터 정육 스테이크용 안심",
    "category": "식품",
    "keywords": [
      "한우",
      "스테이크",
      "안심",
      "냉장보관",
      "국내산"
    ],
    "target_customer": "고급 식사를 원하는 소비자",
    "platforms": [
      "coupang",
      "naver"
    ]
  },
  "swot_result": {
    "swot": {
      "SWOT": {
        "Strengths": [
          "국내산 한우로 신선하고 품질이 뛰어난 제품",
          "스테이크용 안심 부위로 소비자에게 인기 있는 선택지",
          "냉장 보관으로 품질 유지가 용이함",
          "프리미엄 이미지로 고급 소비자층 타겟 가능",
          "효율적인 물류 시스템으로 신속한 배송 가능"
        ],
        "Weaknesses": [
          "브랜드 인지도가 낮아 초기 마케팅 비용 상승 가능성",
          "가격이 고가로 설정되어 있어 가격 민감한 소비자에게 접근 어려움",
          "한정된 제품 라인업으로 시장 점유율 확대에 한계",
          "온라인 판매 채널의 부족으로 소비자 접근성 문제",
          "품질 유지 및 재고 관리의 어려움"
        ],
        "Opportunities": [
          "프리미엄 식품 시장의 성장으로 고급 소비자층의 수요 증가",
          "온라인 쇼핑의 증가로 디지털 마케팅 활용 가능성",
          "레시피 및 요리 콘텐츠와의 협업을 통한 마케팅 기회",
          "건강식품에 대한 소비자 관심 증가로 한우의 영양 가치 홍보",
          "정기구독 서비스 도입으로 고객 충성도 증가"
        ],
        "Threats": [
          "경쟁사의 가격 인하 및 할인 프로모션 증가",
          "식품 안전 및 품질에 대한 소비자 신뢰 저하 우려",
          "경제 불황으로 인한 소비자 지출 감소",
          "대체 식품(예: 식물성 고기)의 인기 상승",
          "유통 채널의 변화로 인해 전통적인 판매 방식의 한계"
        ]
      }
    },
    "three_c": {
      "3C_analysis": {
        "Company": {
          "strengths": [
            "품질 높은 스테이크용 안심을 제공하여 고객의 기대에 부응할 수 있는 제품.",
            "신선한 재료를 사용하여 소비자들에게 건강하고 안전한 식품을 제공.",
            "온라인 판매 플랫폼을 통해 넓은 소비자층에 접근 가능."
          ],
          "resources": [
            "고품질의 원재료 공급망.",
            "효율적인 물류 시스템 및 유통망."
          ],
          "capabilities": [
            "고객 맞춤형 서비스 제공을 위한 데이터 분석 능력.",
            "소셜 미디어 및 온라인 마케팅에 대한 이해."
          ]
        },
        "Customer": {
          "needs": [
            "신선하고 맛있는 고기 제품을 찾고 있으며, 품질에 대한 신뢰.",
            "편리한 온라인 구매 및 배송 서비스."
          ],
          "pain_points": [
            "고기 품질에 대한 불안감 및 안전성 문제.",
            "구매 후 반품 정책에 대한 이해 부족."
          ],
          "purchase_motivations": [
            "친구나 가족과의 특별한 식사 경험을 위한 고급 재료.",
            "건강한 식생활을 위한 고품질 육류 선택."
          ]
        },
        "Competitor": {
          "strategies": [
            "AI 기반 판매 데이터 분석 및 키워드 모니터링을 통해 효율적인 마케팅.",
            "고객 맞춤형 서비스 제공을 통한 충성도 강화."
          ],
          "strengths": [
            "광범위한 고객 기반과 안정적인 브랜드 인지도.",
            "빠른 배송 및 편리한 반품 서비스."
          ],
          "weaknesses": [
            "고품질 제품에 대한 집중 부족.",
            "고객 서비스의 일관성 결여."
          ]
        }
      }
    },
    "price_analysis": {
      "min_price": 1000,
      "max_price": 130800,
      "avg_price": 18735.0,
      "price_range": "1,000원 ~ 130,800원",
      "lowest_product": {
        "price": 1000,
        "product": "스마트스토어 고객센터",
        "url": "https://help.sell.smartstore.naver.com/faq/content.help?faqId=3558",
        "platform": "naver"
      },
      "all_prices": [
        {
          "price": 1000,
          "product": "스마트스토어 고객센터",
          "url": "https://help.sell.smartstore.naver.com/faq/content.help?faqId=3558",
          "platform": "naver"
        },
        {
          "price": 1000,
          "product": "쿠팡이 추천하는 스테이크용 안심 관련 혜택과 특가",
          "url": "https://www.coupang.com/np/search?q=%EC%8A%A4%ED%85%8C%EC%9D%B4%ED%81%AC%EC%9A%A9%20%EC%95%88%EC%8B%AC",
          "platform": "coupang"
        },
        {
          "price": 1010,
          "product": "쿠팡이 추천하는 소고기 안심 관련 혜택과 특가",
          "url": "https://www.coupang.com/np/search?q=%EC%86%8C%EA%B3%A0%EA%B8%B0%20%EC%95%88%EC%8B%AC",
          "platform": "coupang"
        },
        {
          "price": 1165,
          "product": "쿠팡이 추천하는 소고기 안심 관련 혜택과 특가",
          "url": "https://www.coupang.com/np/search?q=%EC%86%8C%EA%B3%A0%EA%B8%B0%20%EC%95%88%EC%8B%AC",
          "platform": "coupang"
        },
        {
          "price": 1187,
          "product": "쿠팡이 추천하는 스테이크용 안심 관련 혜택과 특가",
          "url": "https://www.coupang.com/np/search?q=%EC%8A%A4%ED%85%8C%EC%9D%B4%ED%81%AC%EC%9A%A9%20%EC%95%88%EC%8B%AC",
          "platform": "coupang"
        },
        {
          "price": 1262,
          "product": "쿠팡이 추천하는 소고기 안심 관련 혜택과 특가",
          "url": "https://www.coupang.com/np/search?q=%EC%86%8C%EA%B3%A0%EA%B8%B0%20%EC%95%88%EC%8B%AC",
          "platform": "coupang"
        },
        {
          "price": 1283,
          "product": "쿠팡이 추천하는 소고기 안심 관련 혜택과 특가",
          "url": "https://www.coupang.com/np/search?q=%EC%86%8C%EA%B3%A0%EA%B8%B0%20%EC%95%88%EC%8B%AC",
          "platform": "coupang"
        },
        {
          "price": 1383,
          "product": "쿠팡이 추천하는 소고기 안심 관련 혜택과 특가",
          "url": "https://www.coupang.com/np/search?q=%EC%86%8C%EA%B3%A0%EA%B8%B0%20%EC%95%88%EC%8B%AC",
          "platform": "coupang"
        },
        {
          "price": 1450,
          "product": "쿠팡이 추천하는 국내산육우안심스테이크 판매 상품 ...",
          "url": "https://www.coupang.com/np/search?q=%EA%B5%AD%EB%82%B4%EC%82%B0%EC%9C%A1%EC%9A%B0%EC%95%88%EC%8B%AC%EC%8A%A4%ED%85%8C%EC%9D%B4%ED%81%AC%20%ED%8C%90%EB%A7%A4%20%EC%83%81%ED%92%88",
          "platform": "coupang"
        },
        {
          "price": 1493,
          "product": "쿠팡이 추천하는 소고기 안심 관련 혜택과 특가",
          "url": "https://www.coupang.com/np/search?q=%EC%86%8C%EA%B3%A0%EA%B8%B0%20%EC%95%88%EC%8B%AC",
          "platform": "coupang"
        }
      ]
    },
    "insights": [
      "💰 경쟁 가격대: 1,000원 ~ 130,800원 (평균 18,735.0원)",
      "🏷️ 최저가: 스마트스토어 고객센터 - 1,000원"
    ],
    "competitor_count": 30
  },
  "competitor_data": {
    "query": "제디터 정육 스테이크용 안심 식품",
    "platforms": [
      "coupang",
      "naver"
    ],
    "results": [
      {
        "platform": "naver",
        "title": "네이버 커머스솔루션마켓 - Naver",
        "url": "https://solution.smartstore.naver.com/ko",
        "snippet": "Image 8: 상품명마스터 1 ### 상품명마스터 내 상품명은 잘 작성된걸까? 다른 상품들은 어떤 키워드를 쓸까? 이제 데이터로 확인하세요! 센터 바로사용 무료Image 9: 트렌드 Quick 모니터링 2 ### 트렌드 Quick 모니터링 네이버 쇼핑 인기 키워드 ・ 상품 정보를 톡톡메시지로 받아보세요! 센터 바로사용 무료Image 10: 빠른상품등록 3 ### 빠른상품등록 센터 앱에서만 쓸 수 있는 상품등록 솔루션, 이제 쉽고 빠르게 상품등록해보세요!🚀 앱전용 센터 바로사용 무료Image 11: 제디터 4 ### 제디터 AI가 상품 상세페이지를 생성해요. 상품명을 입력해 보세요 무료~Image 12: 정기구독 5 ### 정기구독 정기적으로 자동 결제되는 정기구독 솔루션으로 단골고객 확보하고 매출고민 덜어보세요. 센터 바로사용 무료Image 13: 인포크링크 6 ### 인포크링크 프로필 링크와 자동 DM으로 고객 전환을 간편하게 완성하세요. 무료 [...] 네이버 커머스솔루션마켓\n\n본문으로 바로가기\n\n    NAVER커머스솔루션마켓 ========  \n   스마트스토어센터\n\n   로그인하기)\n\n)\n\n로그인 해주세요.)\n\n)\n\n스마트스토어센터\n\n   스마트스토어센터홈\n   솔루션관리\n\n로그인)\n\n© NAVER Corp.\n\nImage 1: 브랜드스토어에 딱! 맞춘 디지털 보증서\n\n브랜드스토어에 딱! 맞춘 디지털 보증서\n\n네이버 컬렉션\n\n솔루션 바로가기\n\nImage 2: 크리에이터가 내 상품을 홍보부터 판매까지!\n\n크리에이터가 내 상품을 홍보부터 판매까지!\n\n브랜드 커넥트 - 쇼핑 커넥트\n\n솔루션 바로가기\n\nImage 3: 내 상품명 점검부터 황금키워드 발굴까지 \n\n내 상품명 점검부터 황금키워드 발굴까지\n\n상품명마스터\n\n솔루션 바로가기\n\nImage 4: 복잡한 물류 업무 맡기고 스마트스토어 매출 UP\n\n복잡한 물류 업무 맡기고 스마트스토어 매출 UP\n\nN배송 프로그램\n\n솔루션 바로가기\n\n 1  /  4 [...] Image 18: 리틀리 - 올인원 프로필링크 ### 리틀리 - 올인원 프로필링크 내 인스타그램에 스마트스토어 제품을 노출시키세요! 무료Image 19: 인포크링크 ### 인포크링크 프로필 링크와 자동 DM으로 고객 전환을 간편하게 완성하세요. 무료Image 20: 빠른상품등록 ### 빠른상품등록 센터 앱에서만 쓸 수 있는 상품등록 솔루션, 이제 쉽고 빠르게 상품등록해보세요!🚀 앱전용 센터 바로사용 무료Image 21: 솔루션 알림이 ### 솔루션 알림이 판매자님 일손을 돕는 신규 솔루션을 쉽게 탐색하고, 알림을 받아보세요! 센터 바로사용 무료\n\n손쉽게 결제가 가능한 솔루션!\n\nImage 22: 아이템스카우트 랭킹추적 ### 아이템스카우트 랭킹추적 AI 상품영상 기능 업데이트! 지금 30일 무료 체험하세요! 30일 무료 체험\n\n딱 맞는 솔루션을 주제별로 찾아보세요!\n\n내 상품들이 더 매력적으로 보이길 원한다면 아래 솔루션을 추가해 보세요!",
        "score": 0.18821983,
        "timestamp": "2025-11-29T05:40:52.852457",
        "raw_content": "네이버 커머스솔루션마켓\n\n===============\n\n[본문으로 바로가기](https://solution.smartstore.naver.com/ko/#seller-content)\n\n*    [NAVER](https://www.naver.com/)[커머스솔루션마켓 ========](https://solution.smartstore.naver.com/ko)  \n*   [스마트스토어센터](https://sell.smartstore.naver.com/#/home)\n\n*   [로그인하기](javascript:void(0))\n\n[](javascript:void(0))\n\n[로그인 해주세요.](javascript:void(0))\n\n[](javascript:void(0))\n\n**스마트스토어센터**\n------------\n\n*   [스마트스토어센터홈](https://sell.smartstore.naver.com/#)\n*   [솔루션관리](https://sell.smartstore.naver.com/#/commerce-solution/solution-list)\n\n[로그인](javascript:void(0))\n\n[**© NAVER Corp.**](https://www.navercorp.com/ \"Naver\")\n\n![Image 1: 브랜드스토어에 딱! 맞춘 디지털 보증서](https://shop-phinf.pstatic.net/20250318_197/1742264367669cETPD_PNG/Service_Logo_296_296.png?type=f180_180)\n\n브랜드스토어에 딱! 맞춘 디지털 보증서\n---------------------\n\n네이버 컬렉션\n\n[솔루션 바로가기](https://solution.smartstore.naver.com/ko/solution/iOSFftLAdkqVXb4y74ocW/detail)\n\n![Image 2: 크리에이터가 내 상품을 홍보부터 판매까지!](https://shop-phinf.pstatic.net/20250508_204/17466906914408P7vT_PNG/BrandConnect_icon2_%282%29.png?type=f180_180)\n\n크리에이터가 내 상품을 홍보부터 판매까지!\n-----------------------\n\n브랜드 커넥트 - 쇼핑 커넥트\n\n[솔루션 바로가기](https://solution.smartstore.naver.com/ko/solution/7BxhKW54rdxqi9m4N3fNcZ/detail)\n\n![Image 3: 내 상품명 점검부터 황금키워드 발굴까지 ](https://shop-phinf.pstatic.net/20241119_138/17319767379403ck9Y_JPEG/%BB%F3%C7%B0%B8%ED%B8%B6%BD%BA%C5%CD_%BE%C6%C0%CC%C4%DC_02_%281%29.jpeg?type=f180_180)\n\n내 상품명 점검부터 황금키워드 발굴까지\n---------------------\n\n상품명마스터\n\n[솔루션 바로가기](https://solution.smartstore.naver.com/ko/solution/2L8mOJ7lAaqjga1bNuc3Pv/detail)\n\n![Image 4: 복잡한 물류 업무 맡기고 스마트스토어 매출 UP](https://shop-phinf.pstatic.net/20250312_174/1741761052176yXmVq_PNG/Service_Logo.png?type=f180_180)\n\n복잡한 물류 업무 맡기고 스마트스토어 매출 UP\n--------------------------\n\nN배송 프로그램\n\n[솔루션 바로가기](https://solution.smartstore.naver.com/ko/solution/5kjYBRHOwKJiC8ExEdKnCp/detail)\n\n 1  /  4 \n\n마케팅을 고민하는 사장님을 위한 추천 솔루션\n------------------------\n\n### 마케팅 솔루션 사용 후, 60% 이상이 매출 상승을 경험!\n\n솔루션 사용 후 판매자의 매출 상승에 영향을 준 인기 솔루션들을 추천드립니다.\n\n* * *\n\n[![Image 5: 리뷰 노출 AI 매니저](https://shop-phinf.pstatic.net/20240313_211/1710289823617LqP8K_PNG/%B8%AE%BA%E4_%BE%C6%C0%CC%C4%DC.png?type=f70_70) ### 리뷰 노출 AI 매니저 매출을 올리는 확실한 AI 리뷰 마케팅! 월 19,900원~](https://solution.smartstore.naver.com/ko/detail/7XcwuQbLNpwSd48nGM4iMM)[![Image 6: 인포크링크](https://shop-phinf.pstatic.net/20240722_32/1721614038210yKnPf_PNG/296_296.png?type=f70_70) ### 인포크링크 프로필 링크와 자동 DM으로 고객 전환을 간편하게 완성하세요. 무료](https://solution.smartstore.naver.com/ko/detail/SOL_1nthqHycfVX4HfbJMfRznt)[![Image 7: 브랜드 커넥트 - 쇼핑 커넥트](https://shop-phinf.pstatic.net/20250306_159/1741254512135h6SwP_PNG/BrandConnect_icon2.png?type=f70_70) ### 브랜드 커넥트 - 쇼핑 커넥트 직접 상품과 사용료를 설정하고, 크리에이터를 통해 상품이 판매되면 자동 정산되는 솔루션 별도과금](https://solution.smartstore.naver.com/ko/detail/7BxhKW54rdxqi9m4N3fNcZ)\n\n지금 인기 급상승 솔루션 TOP6\n------------------\n\n[![Image 8: 상품명마스터](https://shop-phinf.pstatic.net/20231011_99/1697013354296C9jw3_PNG/%BB%F3%C7%B0%B8%ED%B8%B6%BD%BA%C5%CD_%BE%C6%C0%CC%C4%DC_02_%281%29.png?type=f70_70) 1 ### 상품명마스터 내 상품명은 잘 작성된걸까? 다른 상품들은 어떤 키워드를 쓸까? 이제 데이터로 확인하세요! 센터 바로사용 무료](https://solution.smartstore.naver.com/ko/detail/2L8mOJ7lAaqjga1bNuc3Pv)[![Image 9: 트렌드 Quick 모니터링](https://shop-phinf.pstatic.net/20230608_180/1686187397907i2lUL_PNG/%C6%AE%B7%BB%B5%E5_296.png?type=f70_70) 2 ### 트렌드 Quick 모니터링 네이버 쇼핑 인기 키워드 ・ 상품 정보를 톡톡메시지로 받아보세요! 센터 바로사용 무료](https://solution.smartstore.naver.com/ko/detail/3taP85oosSrmMGUR8xlOKu)[![Image 10: 빠른상품등록](https://shop-phinf.pstatic.net/20240201_36/1706769707595Hqr43_PNG/%BA%FC%B8%A5%B5%EE%B7%CF_%BE%C6%C0%CC%C4%DC.png?type=f70_70) 3 ### 빠른상품등록 센터 앱에서만 쓸 수 있는 상품등록 솔루션, 이제 쉽고 빠르게 상품등록해보세요!🚀 앱전용 센터 바로사용 무료](https://solution.smartstore.naver.com/ko/detail/xWnz2EZvatj0nfYnWdNQH)[![Image 11: 제디터](https://shop-phinf.pstatic.net/20250724_35/1753330893005UdheH_PNG/z_logo.png?type=f70_70) 4 ### 제디터 AI가 상품 상세페이지를 생성해요. 상품명을 입력해 보세요 무료~](https://solution.smartstore.naver.com/ko/detail/SOL_6XOFBaWD3DEZ5ulMlsZ6oZ)[![Image 12: 정기구독](https://shop-phinf.pstatic.net/20220120_13/1642666522606P1xl9_PNG/regulardelivery_icon1.png?type=f70_70) 5 ### 정기구독 정기적으로 자동 결제되는 정기구독 솔루션으로 단골고객 확보하고 매출고민 덜어보세요. 센터 바로사용 무료](https://solution.smartstore.naver.com/ko/detail/1EiNzahf1V7kVjJhTVeM0J)[![Image 13: 인포크링크](https://shop-phinf.pstatic.net/20240722_32/1721614038210yKnPf_PNG/296_296.png?type=f70_70) 6 ### 인포크링크 프로필 링크와 자동 DM으로 고객 전환을 간편하게 완성하세요. 무료](https://solution.smartstore.naver.com/ko/detail/SOL_1nthqHycfVX4HfbJMfRznt)\n\n따끈 따끈한 신규솔루션! 가장 먼저 추가하세요\n-------------------------\n\n[![Image 14: AI 고객지원 솔루션](https://shop-phinf.pstatic.net/20241111_120/17312987581561BjD4_PNG/icon_two_circle.png?type=f70_70) ### AI 고객지원 솔루션 AI가 알아서 답변하는 고객 Q&A, 더 중요한 업무에 집중하세요! 10일 무료 체험](https://solution.smartstore.naver.com/ko/detail/SOL_1Yk7IM8LdujSzMKUOcP5fh)[![Image 15: 솔루션 알림이](https://shop-phinf.pstatic.net/20241203_141/1733225549731cUoHb_PNG/%BC%D6%B7%E7%BC%C7%BE%C6%C0%CC%C4%DC.png?type=f70_70) ### 솔루션 알림이 판매자님 일손을 돕는 신규 솔루션을 쉽게 탐색하고, 알림을 받아보세요! 센터 바로사용 무료](https://solution.smartstore.naver.com/ko/detail/SOL_7PP0XjBA9zxg4dYrzzlsQ5)[![Image 16: 스토어프렌즈](https://shop-phinf.pstatic.net/20241220_156/17346637308014SU7d_JPEG/%BA%ED%B6%FB%C4%B9.jpg?type=f70_70) ### 스토어프렌즈 엑셀파일 재고 수정 / 검색으로 옵션상품 재고 수정 / 여러상품의 재고를 동시에 수정 7일 무료 체험](https://solution.smartstore.naver.com/ko/detail/SOL_5PfIeUoNKghmnHCCOARRqJ)[![Image 17: 해외직구 풀필먼트 by 몰테일](https://shop-phinf.pstatic.net/20250226_176/1740554856919vvAyR_PNG/296X296_01.png?type=f70_70) ### 해외직구 풀필먼트 by 몰테일 해외 구매대행 셀러를 위한 유일한 해외직구 풀필먼트 by 몰테일 별도과금](https://solution.smartstore.naver.com/ko/detail/SOL_58rsSOoom3QY2ubTz36LiT)\n\n추가 안 하고는 못 참지 이건 완전 무료 솔루션이니까\n-----------------------------\n\n[![Image 18: 리틀리 - 올인원 프로필링크](https://shop-phinf.pstatic.net/20241104_237/17307134542500hRTE_JPEG/%A4%B1%A4%A9.jpg?type=f70_70) ### 리틀리 - 올인원 프로필링크 내 인스타그램에 스마트스토어 제품을 노출시키세요! 무료](https://solution.smartstore.naver.com/ko/detail/SOL_2LcWfMwTDfkAHj8IUtU7G9)[![Image 19: 인포크링크](https://shop-phinf.pstatic.net/20240722_32/1721614038210yKnPf_PNG/296_296.png?type=f70_70) ### 인포크링크 프로필 링크와 자동 DM으로 고객 전환을 간편하게 완성하세요. 무료](https://solution.smartstore.naver.com/ko/detail/SOL_1nthqHycfVX4HfbJMfRznt)[![Image 20: 빠른상품등록](https://shop-phinf.pstatic.net/20240201_36/1706769707595Hqr43_PNG/%BA%FC%B8%A5%B5%EE%B7%CF_%BE%C6%C0%CC%C4%DC.png?type=f70_70) ### 빠른상품등록 센터 앱에서만 쓸 수 있는 상품등록 솔루션, 이제 쉽고 빠르게 상품등록해보세요!🚀 앱전용 센터 바로사용 무료](https://solution.smartstore.naver.com/ko/detail/xWnz2EZvatj0nfYnWdNQH)[![Image 21: 솔루션 알림이](https://shop-phinf.pstatic.net/20241203_141/1733225549731cUoHb_PNG/%BC%D6%B7%E7%BC%C7%BE%C6%C0%CC%C4%DC.png?type=f70_70) ### 솔루션 알림이 판매자님 일손을 돕는 신규 솔루션을 쉽게 탐색하고, 알림을 받아보세요! 센터 바로사용 무료](https://solution.smartstore.naver.com/ko/detail/SOL_7PP0XjBA9zxg4dYrzzlsQ5)\n\n손쉽게 결제가 가능한 솔루션!\n----------------\n\n[![Image 22: 아이템스카우트 랭킹추적](https://shop-phinf.pstatic.net/20240708_151/1720404030685vIicE_PNG/market_itemscout_icon300.png?type=f70_70) ### 아이템스카우트 랭킹추적 AI 상품영상 기능 업데이트! 지금 30일 무료 체험하세요! 30일 무료 체험](https://solution.smartstore.naver.com/ko/detail/6Ms8hgVd4VPjk8dGWk96Vv)\n\n딱 맞는 솔루션을 주제별로 찾아보세요!\n---------------------\n\n내 상품들이 더 매력적으로 보이길 원한다면 아래 솔루션을 추가해 보세요!\n\n*    상품・노출 \n*    디자인・콘텐츠 \n*    주문 및 배송 \n*    마케팅・CRM \n*    데이터 분석 \n*    관리도구・편의 \n*    CS・고객관리 \n*    상품 소싱 \n\nTip\n\n내 상품들이 내 스토어 홈과 SNS에서 더 멋지게 노출되어 더 잘 팔리길 원한다면 아래 솔루션을 추가해보세요.\n\n[![Image 23: 빠른상품등록](https://shop-phinf.pstatic.net/20240201_36/1706769707595Hqr43_PNG/%BA%FC%B8%A5%B5%EE%B7%CF_%BE%C6%C0%CC%C4%DC.png?type=f70_70) ### 빠른상품등록 센터 앱에서만 쓸 수 있는 상품등록 솔루션, 이제 쉽고 빠르게 상품등록해보세요!🚀 앱전용 센터 바로사용 무료](https://solution.smartstore.naver.com/ko/detail/xWnz2EZvatj0nfYnWdNQH)[![Image 24: 인포크링크](https://shop-phinf.pstatic.net/20240722_32/1721614038210yKnPf_PNG/296_296.png?type=f70_70) ### 인포크링크 프로필 링크와 자동 DM으로 고객 전환을 간편하게 완성하세요. 무료](https://solution.smartstore.naver.com/ko/detail/SOL_1nthqHycfVX4HfbJMfRznt)[![Image 25: 리틀리 - 올인원 프로필링크](https://shop-phinf.pstatic.net/20241104_237/17307134542500hRTE_JPEG/%A4%B1%A4%A9.jpg?type=f70_70) ### 리틀리 - 올인원 프로필링크 내 인스타그램에 스마트스토어 제품을 노출시키세요! 무료](https://solution.smartstore.naver.com/ko/detail/SOL_2LcWfMwTDfkAHj8IUtU7G9)[![Image 26: PODSHOP](https://shop-phinf.pstatic.net/20241105_176/17307833961359bk4i_PNG/podshop_296x296px.png?type=f70_70) ### PODSHOP 상품 제작부터 배송까지 무자본 무재고 비즈니스 POD SHOP 추가과금](https://solution.smartstore.naver.com/ko/detail/SOL_1PJSOBHQ9aoILiIN9bzYgS)[![Image 27: 스마트싱크 플러스](https://shop-phinf.pstatic.net/20231101_165/1698806981761IIo7A_PNG/%BE%DB_%BE%C6%C0%CC%C4%DC.png?type=f70_70) ### 스마트싱크 플러스 손쉽게 자사몰(CAFE24, MakeShop) 상품을 스마트스토어에 연동하는 편리함 제공 무료](https://solution.smartstore.naver.com/ko/detail/5PIanMX4803JSpOP9ARK2T)\n\n*   [이용약관](https://sell.smartstore.naver.com/#/terms/agreement)\n*   [전자금융거래 이용약관](https://pay.naver.com/provision?viewType=electronic \"전자금융거래 이용약관\")\n*   [**개인정보 처리방침**](https://business.naver.com/privacy/privacy.html \"새창\")\n*   [청소년 보호정책](https://policy.naver.com/policy/youthpolicy.html \"새창\")\n*   [책임의 한계와 법적고지](javascript:void(0) \"팝업\")\n*   [안전거래가이드](https://ips.smartstore.naver.com/main/rules/safety \"새창\")\n*   [고객센터](https://help.sell.smartstore.naver.com/index.help)\n\n커머스솔루션마켓 내 솔루션은 솔루션 공급사가 판매회원들의 판매 활동을 돕기 위하여 판매회원에게 직접 제공하는 서비스입니다.\n\n네이버(주)는 솔루션 공급사와 판매회원 간 솔루션 거래를 중개하는 사업자로, 네이버(주)가 직접 제공하는 일부 솔루션을 제외하고는, 커머스솔루션마켓에 게재된 솔루션의 제공자가 아니며,\n\n각 솔루션의 내용, 정보, 거래, 이용과 관련한 의무와 책임은 이를 제공한 솔루션 공급사에게 있고 중개자인 네이버(주)는 이와 관련한 책임을 지지 않습니다.\n\n*   사업자등록번호 : 220-81-62517\n*   통신판매업신고번호 : 제2006-경기성남-0692호\n*   대표이사 : 최수연\n*   [사업자정보확인](http://www.ftc.go.kr/bizCommPop.do?wrkr_no=2208162517 \"새창\")\n\n*   주소 : 경기도 성남시 분당구 정자일로 95, NAVER 1784, 13561\n*   전화상담 (전화 전 클릭)\n*   [톡톡상담](https://talk.naver.com/ct/wcbgqj?frm=cstpn)\n*   [솔루션 입점](https://apicenter.commerce.naver.com/ko/basic/main)\n\n[NAVER](https://www.navercorp.com/ \"새창\")\n\n Copyright © [**NAVER Corp.**](https://www.navercorp.com/ \"새창\") All rights reserved. \n\n**법적고지**펼쳐보기\n커머스솔루션마켓 내 솔루션은 솔루션 공급사가 판매회원들의 판매 활동을 돕기 위하여 판매회원에게 직접 제공하는 서비스입니다.\n\n네이버(주)는 솔루션 공급사와 판매회원 간 솔루션 거래를 중개하는 사업자로, 네이버(주)가 직접 제공하는 일부 솔루션을 제외하고는, 커머스솔루션마켓에 게재된 솔루션의 제공자가 아니며,\n\n각 솔루션의 내용, 정보, 거래, 이용과 관련한 의무와 책임은 이를 제공한 솔루션 공급사에게 있고 중개자인 네이버(주)는 이와 관련한 책임을 지지 않습니다.\n\n[TOP](javascript:void(0);)\n\n[네이버(주) 사업자정보](javascript:void(0);)\n\n대표이사 최수연 주소 경기도 성남시 분당구 정자일로 95\n\nNAVER 1784, 13561 전화[전화상담 (전화 전 클릭)](javascript:void(0))사업자등록번호 220-81-62517 통신판매업신고번호 제2006-경기성남-0692호\n\n[이용약관](https://sell.smartstore.naver.com/#/terms/agreement)[**개인정보처리방침**](https://business.naver.com/privacy/privacy.html \"개인정보처리방침\")[고객센터](https://m.help.naver.com/support/service/main.help?serviceNo=17535 \"고객센터\")[톡톡상담](https://talk.naver.com/ct/wcbgqj?frm=cstpn)[솔루션 입점](https://apicenter.commerce.naver.com/ko/basic/main)[© NAVER Corp.](https://www.navercorp.com/ \"Naver\")\n\n[Top](javascript:void(0))"
      },
      {
        "platform": "naver",
        "title": "네이버 커머스솔루션마켓 - Naver",
        "url": "https://solution.smartstore.naver.com/ko/solution/6Ms8hgVd4VPjk8dGWk96Vv/detail",
        "snippet": "상품 순위 모니터링 + AI생성 상품 영상을 간편하게! 🎯 매번 네이버 쇼핑에 들어가서 판매 상품의 키워드를 일일이 검색하고 노출 순위를 직접 체크하셨나요? 35+만명의 셀러가 선택한 아이템스카우트의 키워드분석 기능이 커머스 솔루션으로 출시되었어요!",
        "score": 0.08252728,
        "timestamp": "2025-11-29T05:40:52.852507",
        "raw_content": null
      },
      {
        "platform": "naver",
        "title": "안전거래 가이드 > 상품등록정책 > 취급주의상품 : 스마트스토어",
        "url": "https://safety.smartstore.naver.com/main/rules/safety/care",
        "snippet": "2.   2. 돼지고기의 식육·포장육·식육가공품(「축산물위생관리법」 제2조제8호에 따른 양념육류·분쇄가공육제품·갈비가공품·식육추출가공품과 「식품위생법」 제14조의 식품등의 공전(公典)에 따른 식육가공품 중 보쌈·족발만 해당한다): 구이용, 탕용, 찜용 또는 튀김용으로 조리하여 판매·제공하는 것 \n    3.   3. 닭고기의 식육·포장육·식육가공품(「축산물위생관리법」 제2조제8호에 따른 양념육류·분쇄가공육제품·갈비가공품 및 식육추출가공품만 해당한다): 구이용, 탕용, 찜용 또는 튀김용으로 조리하여 판매·제공하는 것(배달을 통하여 판매·제공하는 것을 포함한다)\n    4.   4. 오리고기의 식육·포장육·식육가공품(「축산물위생관리법」 제2조제8호에 따른 햄류·양념육류·분쇄가공육제품·갈비가공품 및 식육추출가공품만 해당한다): 구이용, 탕용, 찜용, 튀김용 또는 훈제용으로 조리하여 판매·제공하는 것(햄류는 훈제용만 해당한다) [...] 1.   1. 썩거나 상하거나 설익어서 인체의 건강을 해칠 우려가 있는 것\n2.   2. 유독·유해물질이 들어 있거나 묻어 있는 것 또는 그러할 염려가 있는 것. 다만, 식품의약품안전청장이 인체의 건강을 해칠 우려가 없다고 인정하는 것은 제외한다.\n3.   3. 병(病)을 일으키는 미생물에 오염되었거나 그러할 염려가 있어 인체의 건강을 해칠 우려가 있는 것\n4.   4. 불결하거나 다른 물질이 섞이거나 첨가(添加)된 것 또는 그 밖의 사유로 인체의 건강을 해칠 우려가 있는 것\n5.   5. 제18조에 따른 안전성 평가 대상인 농·축·수산물 등 가운데 안전성 평가를 받지 아니하였거나 안전성 평가에서 식용(食用)으로 부적합하다고 인정된 것\n6.   6. 수입이 금지된 것 또는 제19조제1항에 따른 수입신고를 하지 아니하고 수입한 것\n7.   7. 영업자가 아닌 자가 제조·가공·소분한 것\n\n###### 제5조(병든 동물 고기 등의 판매 등 금지) [...] 5.   5. 쌀(찐쌀을 포함한다. 이하 같다): 원형을 유지하여 조리·판매하는 경우로서 밥(죽, 식혜, 떡 및 면은 제외한다)으로 제공하는 것\n    6.   6. 배추김치: 절임, 양념 혼합, 발효 또는 가공 등의 과정을 거쳐 반찬으로 제공하는 것",
        "score": 0.07264344,
        "timestamp": "2025-11-29T05:40:52.852512",
        "raw_content": "안전거래 가이드 > 상품등록정책 > 취급주의상품 : 스마트스토어\n\n===============\n\n[메인 메뉴로 바로가기](https://safety.smartstore.naver.com/main/rules/safety/care#lnb)[본문으로 바로가기](https://safety.smartstore.naver.com/main/rules/safety/care#content)\n\n스마트스토어 안전거래 가이드\n===============\n\n*   [NAVER](https://naver.com/)\n*   [네이버 가격비교](https://shopping.naver.com/)\n*   [네이버페이](https://pay.naver.com/)\n\n*   [안전거래 정책](https://safety.smartstore.naver.com/main/rules/safety)\n*   [상품등록 정책](https://safety.smartstore.naver.com/main/rules/safety/register)\n*   [서비스 이용규칙](https://safety.smartstore.naver.com/main/rules/safety/regulation)\n*   [개인정보 보호정책](https://safety.smartstore.naver.com/main/rules/safety/steal)\n*   [안전거래 꿀팁](https://safety.smartstore.naver.com/main/rules/safety/tip)\n\n* * *\n\n상품등록 정책\n-------\n\n*   [**취급불가상품**](https://safety.smartstore.naver.com/main/rules/safety/register \"취급불가상품\")\n*   [**취급주의상품**](https://safety.smartstore.naver.com/main/rules/safety/care \"취급주의상품\")\n*   [**허위과대과장광고**](https://safety.smartstore.naver.com/main/rules/safety/deceptive \"허위과대과장광고\")\n*   [**지식재산권침해상품**](https://safety.smartstore.naver.com/main/rules/safety/invasion \"지식재산권침해상품\")\n\n*   [권리보호센터](https://right.naver.com/ \"권리보호센터\")\n*   [- 스마트스토어 판매이용 약관](https://sell.smartstore.naver.com/#/terms/agreement \"스마트스토어 판매이용 약관\")\n*   [- 스마트스토어 판매자 센터](https://sell.smartstore.naver.com/ \"스마트스토어 판매자 센터\")\n\n판매자 고객센터 1588-3819 평일 09:00~18:00[1:1 문의하기](https://help.sell.smartstore.naver.com/mail/form.nhn \"이메일상담\")\n\n* * *\n\n### 상품등록정책\n\n스마트스토어에서는 관련 법령에 위배되는 상품의 유통으로 인한 구매자 피해를 최소화하고 판매자를 보호하기 위하여 상품등록정책을 운영하고 있습니다.\n\n#### 취급주의상품\n\n스마트스토어에서는 판매자와 구매자의 건전하고 안전한 전자상거래를 위해 현행법령상 신고·허가·인증 또는 판매자격 요건이 필요하거나 상품 판매 시 주의가 필요한 상품군을 ‘취급주의상품’으로 정의하고 아래와 같이 관련 내용을 안내 드리고 있습니다. 신고·허가·인증 또는 판매자격 요건을 갖추지 않고 상품을 판매할 경우 해당 상품은 관리자에 의해 판매금지 처리되며 직권으로 거래취소가 진행될 수 있습니다. 또한, 상품을 등록한 판매자에 대해서는 서비스 이용이 정지될 수 있으니 상품 등록 시 유의하여 주시기 바랍니다.\n\n*   [식품](https://safety.smartstore.naver.com/main/rules/safety/care#)\n*   [농수산물 또는 그 가공품](https://safety.smartstore.naver.com/main/rules/safety/care#)\n*   [친환경농산물](https://safety.smartstore.naver.com/main/rules/safety/care#)\n*   [건강기능식품](https://safety.smartstore.naver.com/main/rules/safety/care#)\n*   [화장품](https://safety.smartstore.naver.com/main/rules/safety/care#)\n*   [의료기기](https://safety.smartstore.naver.com/main/rules/safety/care#)\n*   [공산품](https://safety.smartstore.naver.com/main/rules/safety/care#)\n*   [전기용품](https://safety.smartstore.naver.com/main/rules/safety/care#)\n*   [방송통신기기](https://safety.smartstore.naver.com/main/rules/safety/care#)\n*   [출판물](https://safety.smartstore.naver.com/main/rules/safety/care#)\n*   [게임·음반·영상물](https://safety.smartstore.naver.com/main/rules/safety/care#)\n*   [청소년유해매체물등](https://safety.smartstore.naver.com/main/rules/safety/care#)\n*   [자동차연료·첨가제 또는 촉매제](https://safety.smartstore.naver.com/main/rules/safety/care#)\n*   [유해화학물질](https://safety.smartstore.naver.com/main/rules/safety/care#)\n\n##### 식품\n\n「식품위생법」에 의거 식품 또는 식품첨가물을 제조·가공 및 판매를 위해서는 식품의약품안전청장 등에 신고가 되어 있어야 하며, 판매·영업의 목적으로 식품을 수입하고자 하는 경우에도 식품의약품안전청장에게 신고하여야 합니다.\n\n‘식품’이란?모든 음식물(의약으로 섭취하는 것은 제외)‘식품첨가물’이란?식품을 제조·가공 또는 보존하는 과정에서 식품에 넣거나 섞는 물질 또는 식품을 적시는 등에 사용되는 물질\n\n(기구(器具)·용기·포장을 살균·소독하는 데에 사용되어 간접적으로 식품으로 옮아갈 수 있는 물질을 포함)\n\n[관련 법령 보기](https://safety.smartstore.naver.com/main/rules/safety/care#)\n\n##### 식품위생법| 법률 제11000호, 2011.8.4, 일부개정\n\n###### 제19조(수입 식품등의 신고 등)\n\n1.   ① 판매를 목적으로 하거나 영업에 사용할 목적으로 식품등을 수입하려는 자는 보건복지부령으로 정하는 바에 따라 식품의약품안전청장에게 신고하여야 한다. <개정 2010.1.18 >\n2.   ② ~ ⑤ 생략\n\n###### 제36조(시설기준)\n\n1.   ① 다음의 영업을 하려는 자는 보건복지부령으로 정하는 시설기준에 맞는 시설을 갖추어야 한다. <개정 2010.1.18>\n    1.   1. 식품 또는 식품첨가물의 제조업, 가공업, 운반업, 판매업 및 보존업\n    2.   2. 기구 또는 용기·포장의 제조업\n    3.   3. 식품접객업\n\n2.   ② 제1항 각 호에 따른 영업의 세부 종류와 그 범위는 대통령령으로 정한다.\n\n###### 제37조(영업허가 등)\n\n1.   ① ~ ③ 생략\n2.   ④ 제36조제1항 각 호에 따른 영업 중 대통령령으로 정하는 영업을 하려는 자는 대통령령으로 정하는 바에 따라 영업 종류별 또는 영업소별로 식품의약품안전청장 또는 특별자치도지사·시장·군수·구청장에게 신고하여야 한다. 신고한 사항 중 대통령령으로 정하는 중요한 사항을 변경하거나 폐업할 때에도 또한 같다.\n3.   ⑤ ~ ⑧ 생략\n\n###### 제97조(벌칙)\n\n다음 각 호의 어느 하나에 해당하는 자는 3년 이하의 징역 또는 3천만원 이하의 벌금에 처한다. <개정 2010.1.18, 2011.6.7 >\n\n1.   1. 제10조제2항(제88조에서 준용하는 경우를 포함한다), 제12조의2제2항, 제13조제1항, 제17조제4항, 제31조제1항, 제34조제4항, 제37조제3항·제4항, 제39조제3항, 제48조제2항·제10항 또는 제55조를 위반한 자\n2.   2. ~ 9. 생략\n\n##### 식품위생법 시행령| 대통령령 제23619호, 2012.2.3, 일부개정\n\n###### 제21조(영업의 종류)\n\n법 제36조제2항에 따른 영업의 세부 종류와 그 범위는 다음 각 호와 같다. <개정 2010.3.15, 2011.3.30 >\n\n1.   1. 식품제조·가공업: 식품을 제조·가공하는 영업\n2.   2. 즉석판매제조·가공업: 보건복지부령으로 정하는 식품을 제조·가공업소에서 직접 최종소비자에게 판매하는 영업\n3.   3. 식품첨가물제조업 \n    *   가. 감미료·착색료·표백제 등의 화학적 합성품을 제조·가공하는 영업\n    *   나. 천연 물질로부터 유용한 성분을 추출하는 등의 방법으로 얻은 물질을 제조·가공하는 영업\n    *   다. 식품첨가물의 혼합제재를 제조·가공하는 영업\n    *   라. 기구 및 용기·포장을 살균·소독할 목적으로 사용되어 간접적으로 식품에 이행(移行)될 수 있는 물질을 제조·가공하는 영업\n\n4.   4. 식품운반업: 직접 마실 수 있는 유산균음료(살균유산균음료를 포함한다)나 어류·조개류 및 그 가공품 등 부패·변질되기 쉬운 식품을 위생적으로 운반하는 영업. 다만, 해당 영업자의 영업소에서 판매할 목적으로 식품을 운반하는 경우와 해당 영업자가 제조·가공한 식품을 운반하는 경우는 제외한다.\n5.   5. 식품소분·판매업 \n    *   가. 식품소분업: 보건복지부령으로 정하는 식품 또는 식품첨가물의 완제품을 나누어 유통할 목적으로 재포장·판매하는 영업\n    *   나. 식품판매업 \n        1.   1) 식용얼음판매업: 식용얼음을 전문적으로 판매하는 영업\n        2.   2) 식품자동판매기영업: 식품을 자동판매기에 넣어 판매하는 영업. 다만, 유통기간이 1개월 이상인 완제품만을 자동판매기에 넣어 판매하는 경우는 제외한다.\n        3.   3) 유통전문판매업: 식품 또는 식품첨가물을 스스로 제조·가공하지 아니하고 제1호의 식품제조·가공업자 또는 제3호의 식품첨가물제조업자에게 의뢰하여 제조·가공한 식품 또는 식품첨가물을 자신의 상표로 유통·판매하는 영업\n        4.   4) 집단급식소 식품판매업: 집단급식소에 식품을 판매하는 영업\n        5.   5) 식품등수입판매업: 식품등을 수입하여 판매하는 영업. 다만, 식품등의 채취·제조 또는 가공에 사용되는 기계를 수입하는 경우는 제외한다.\n        6.   6) 기타 식품판매업: 1)부터 5)까지를 제외한 영업으로서 보건복지부령으로 정하는 일정 규모 이상의 백화점, 슈퍼마켓, 연쇄점 등에서 식품을 판매하는 영업\n\n6.   6. 식품보존업 \n    *   가. 식품조사처리업: 방사선을 쬐어 식품의 보존성을 물리적으로 높이는 것을 업(業)으로 하는 영업\n    *   나. 식품냉동·냉장업: 식품을 얼리거나 차게 하여 보존하는 영업. 다만, 수산물의 냉동·냉장은 제외한다.\n\n7.   7. 용기·포장류제조업 \n    *   가. 용기·포장지제조업: 식품 또는 식품첨가물을 넣거나 싸는 물품으로서 식품 또는 식품첨가물에 직접 접촉되는 용기(옹기류는 제외한다)·포장지를 제조하는 영업\n    *   나. 옹기류제조업: 식품을 제조·조리·저장할 목적으로 사용되는 독, 항아리, 뚝배기 등을 제조하는 영업\n\n8.   8. 식품접객업 \n    *   가. 휴게음식점영업: 주로 다류(茶類), 아이스크림류 등을 조리·판매하거나 패스트푸드점, 분식점 형태의 영업 등 음식류를 조리·판매하는 영업으로서 음주행위가 허용되지 아니하는 영업. 다만, 편의점, 슈퍼마켓, 휴게소, 그 밖에 음식류를 판매하는 장소에서 컵라면, 일회용 다류 또는 그 밖의 음식류에 뜨거운 물을 부어 주는 경우는 제외한다. \n    *   나. 일반음식점영업: 음식류를 조리·판매하는 영업으로서 식사와 함께 부수적으로 음주행위가 허용되는 영업\n    *   다. 단란주점영업: 주로 주류를 조리·판매하는 영업으로서 손님이 노래를 부르는 행위가 허용되는 영업\n    *   라. 유흥주점영업: 주로 주류를 조리·판매하는 영업으로서 유흥종사자를 두거나 유흥시설을 설치할 수 있고 손님이 노래를 부르거나 춤을 추는 행위가 허용되는 영업\n    *   마. 위탁급식영업: 집단급식소를 설치·운영하는 자와의 계약에 따라 그 집단급식소에서 음식류를 조리하여 제공하는 영업\n    *   바. 제과점영업: 주로 빵, 떡, 과자 등을 제조·판매하는 영업으로서 음주행위가 허용되지 아니하는 영업\n\n###### 제23조(허가를 받아야 하는 영업 및 허가관청)\n\n법 제37조제1항 전단에 따라 허가를 받아야 하는 영업 및 해당 허가관청은 다음 각 호와 같다.\n\n1.   1. 제21조제6호가목의 식품조사처리업: 식품의약품안전청장\n2.   2. 제21조제8호다목의 단란주점영업과 같은 호 라목의 유흥주점영업: 특별자치도지사 또는 시장·군수·구청장\n\n###### 제25조(영업신고를 하여야 하는 업종)\n\n1.   ① 법 제37조제4항 전단에 따라 특별자치도지사 또는 시장·군수·구청장에게 신고를 하여야 하는 영업은 다음 각 호와 같다. \n    1.   1. 제21조제1호의 식품제조·가공업\n    2.   2. 제21조제2호의 즉석판매제조·가공업\n    3.   3. 제21조제3호의 식품첨가물제조업\n    4.   4. 제21조제4호의 식품운반업\n    5.   5. 제21조제5호의 식품소분·판매업\n    6.   6. 제21조제6호나목의 식품냉동·냉장업\n    7.   7. 제21조제7호의 용기·포장류제조업(자신의 제품을 포장하기 위하여 용기·포장류를 제조하는 경우는 제외한다)\n    8.   8. 제21조제8호가목의 휴게음식점영업, 같은 호 나목의 일반음식점영업, 같은 호 마목의 위탁급식영업 및 같은 호 바목의 제과점영업\n\n2.   ② 제1항에도 불구하고 다음 각 호의 어느 하나에 해당하는 경우에는 신고하지 아니한다.\n\n<개정 2009.10.8, 2009.11.26, 2010.11.19>\n    1.   1. 「양곡관리법」 제19조에 따른 양곡가공업 중 도정업을 하는 경우\n    2.   2. 「수산물품질관리법」 제19조에 따라 수산물가공업의 등록을 하고 해당 영업을 하는 경우\n    3.   3. 「주세법」 제6조에 따라 주류제조면허를 받아 주류를 제조하는 경우\n    4.   4. 「축산물위생관리법」 제22조에 따라 축산물가공업의 허가를 받아 해당 영업을 하는 경우\n    5.   5. 「건강기능식품에 관한 법률」 제5조 및 제6조에 따라 건강기능식품제조업, 건강기능식품수입업 및 건강기능식품판매업의 영업허가를 받거나 영업신고를 하고 해당 영업을 하는 경우\n    6.   6. 식품첨가물이나 다른 원료를 사용하지 아니하고 농산물·임산물·수산물을 단순히 자르거나, 껍질을 벗기거나, 말리거나, 소금에 절이거나, 숙성하거나, 가열(살균의 목적 또는 성분의 현격한 변화를 유발하기 위한 목적의 경우는 제외한다. 이하 같다)하는 등의 가공과정 중 위생상 위해가 발생할 우려가 없고 식품의 상태를 관능검사(官能檢査)로 확인할 수 있도록 가공하는 경우. 다만, 다음 각 목의 어느 하나에 해당하는 경우는 제외한다. \n        *   가. 집단급식소에 식품을 판매하기 위하여 가공하는 경우\n        *   나. 식품의약품안전청장이 법 제7조제1항에 따라 기준과 규격을 정하여 고시한 신선편의식품(과일, 야채, 채소, 새싹 등을 식품첨가물이나 다른 원료를 사용하지 아니하고 단순히 자르거나, 껍질을 벗기거나, 말리거나, 소금에 절이거나, 숙성하거나, 가열하는 등의 가공과정을 거친 상태에서 따로 씻는 등의 과정 없이 그대로 먹을 수 있게 만든 식품을 말한다)을 판매하기 위하여 가공하는 경우 \n\n    7.   7. 「농어업·농어촌 및 식품산업 기본법」 제3조제2호에 따른 농어업인 및 「농어업경영체 육성 및 지원에 관한 법률」 제16조에 따른 영농조합법인과 영어조합법인이 생산한 농산물·임산물·수산물을 집단급식소에 판매하는 경우. 다만, 다른 사람으로 하여금 생산하거나 판매하게 하는 경우는 제외한다.\n\n※ 상기 내용엔 생략된 조항이 있을 수 있으며 현재 시행중인 내용이 아닐 수 있습니다. 법령 전문 및 개정사항, 현재 시행 중인 법령은 법제처 국가법령정보센터([https://www.law.go.kr](https://www.law.go.kr/))에서 직접 확인하시기 바랍니다.\n\n##### 판매가 금지되는 식품\n\n*   인체의 건강을 해칠 우려가 있는 위해 식품\n*   수입신고를 하지 않고 수입한 식품\n*   영업자가 아닌자가 제조 제조·가공·소분한 식품\n*   질병에 걸렸거나 걸렸을 염려가 있는 동물이나 그 질병에 걸려 죽은 동물의 고기 등\n*   기준·규격이 고시되지 않은 화학적 합성품 등\n\n[관련 법령 보기](https://safety.smartstore.naver.com/main/rules/safety/care#)\n\n##### 식품위생법| 법률 제11000호, 2011.8.4, 일부개정\n\n###### 제4조(위해식품등의 판매 등 금지)\n\n누구든지 다음 각 호의 어느 하나에 해당하는 식품등을 판매하거나 판매할 목적으로 채취·제조·수입·가공·사용·조리·저장·소분·운반 또는 진열하여서는 아니 된다.\n\n1.   1. 썩거나 상하거나 설익어서 인체의 건강을 해칠 우려가 있는 것\n2.   2. 유독·유해물질이 들어 있거나 묻어 있는 것 또는 그러할 염려가 있는 것. 다만, 식품의약품안전청장이 인체의 건강을 해칠 우려가 없다고 인정하는 것은 제외한다.\n3.   3. 병(病)을 일으키는 미생물에 오염되었거나 그러할 염려가 있어 인체의 건강을 해칠 우려가 있는 것\n4.   4. 불결하거나 다른 물질이 섞이거나 첨가(添加)된 것 또는 그 밖의 사유로 인체의 건강을 해칠 우려가 있는 것\n5.   5. 제18조에 따른 안전성 평가 대상인 농·축·수산물 등 가운데 안전성 평가를 받지 아니하였거나 안전성 평가에서 식용(食用)으로 부적합하다고 인정된 것\n6.   6. 수입이 금지된 것 또는 제19조제1항에 따른 수입신고를 하지 아니하고 수입한 것\n7.   7. 영업자가 아닌 자가 제조·가공·소분한 것\n\n###### 제5조(병든 동물 고기 등의 판매 등 금지)\n\n누구든지 보건복지부령으로 정하는 질병에 걸렸거나 걸렸을 염려가 있는 동물이나 그 질병에 걸려 죽은 동물의 고기·뼈·젖·장기 또는 혈액을 식품으로 판매하거나 판매할 목적으로 채취·수입·가공·사용·조리·저장·소분 또는 운반하거나 진열하여서는 아니 된다. <개정 2010.1.18>\n\n###### 제6조(기준·규격이 고시되지 아니한 화학적 합성품 등의 판매 등 금지)\n\n누구든지 다음 각 호의 어느 하나에 해당하는 행위를 하여서는 아니 된다. 다만, 식품의약품안전청장이 제57조에 따른 식품위생심의위원회(이하 \"심의위원회\"라 한다)의 심의를 거쳐 인체의 건강을 해칠 우려가 없다고 인정하는 경우에는 그러하지 아니하다.\n\n1.   1. 제7조제1항에 따라 기준·규격이 고시되지 아니한 화학적 합성품인 첨가물과 이를 함유한 물질을 식품첨가물로 사용하는 행위\n2.   2. 제1호에 따른 식품첨가물이 함유된 식품을 판매하거나 판매할 목적으로 제조·수입·가공·사용·조리·저장·소분·운반 또는 진열하는 행위\n\n###### 제94조(벌칙)\n\n다음 각 호의 어느 하나에 해당하는 자는 7년 이하의 징역 또는 1억원 이하의 벌금에 처하거나 이를 병과할 수 있다.\n\n1.   1. 제4조부터 제6조까지(제88조에서 준용하는 경우를 포함하고, 제93조제1항 및 제3항에 해당하는 경우는 제외한다)를 위반한 자\n2.   2., 3. 생략\n\n※ 상기 내용엔 생략된 조항이 있을 수 있으며 현재 시행중인 내용이 아닐 수 있습니다. 법령 전문 및 개정사항, 현재 시행 중인 법령은 법제처 국가법령정보센터([https://www.law.go.kr](https://www.law.go.kr/))에서 직접 확인하시기 바랍니다.\n\n식품등의 표시기준 식품 등(수입식품 포함)은 식품의약품안전청 고시 제2011-67호 「식품등의 표시기준」에 따라 제품명, 식품의 유형(따로 정하는 제품에 한함), 업소명 및 소재지, 제조연월일, 유통기간 또는 품질유지기한, 내용량, 원재료명, 성분명 및 함량, 영양성분, 기타 식품 등의 세부표시기간에서 정하는 사항을 용기∙포장에 표시하여야 합니다.\n\n[관련 법령 보기](https://safety.smartstore.naver.com/main/rules/safety/care#)\n\n##### 식품위생법| 법률 제11000호, 2011.8.4, 일부개정\n\n###### 제10조(표시기준)\n\n1.   ① 식품의약품안전청장은 국민보건을 위하여 필요하면 다음 각 호의 어느 하나에 해당하는 표시에 관한 기준을 정하여 고시할 수 있다. \n    1.   1. 판매를 목적으로 하는 식품 또는 식품첨가물의 표시\n    2.   2. 제9조제1항에 따라 기준과 규격이 정하여진 기구 및 용기·포장의 표시\n    3.   3. 삭제 <2011.6.7>\n\n2.   ② 제1항에 따라 표시에 관한 기준이 정하여진 식품등은 그 기준에 맞는 표시가 없으면 판매하거나 판매할 목적으로 수입·진열·운반하거나 영업에 사용하여서는 아니 된다.\n\n###### 제11조(식품의 영양표시 등)\n\n1.   ① 식품의약품안전청장은 보건복지부령으로 정하는 식품의 영양표시에 관하여 필요한 기준을 정하여 고시할 수 있다. <개정 2010.1.18 >\n2.   ② 식품을 제조·가공·소분 또는 수입하는 영업자가 식품을 판매하거나 판매할 목적으로 수입·진열·운반하거나 영업에 사용하는 경우에는 제1항에 따라 정하여진 영양표시 기준을 지켜야 한다.\n3.   ③ 식품의약품안전청장은 국민들이 제1항에 따른 영양표시를 식생활에서 활용할 수 있도록 교육과 홍보를 하여야 한다.\n\n###### 제97조(벌칙)\n\n다음 각 호의 어느 하나에 해당하는 자는 3년 이하의 징역 또는 3천만원 이하의 벌금에 처한다. <개정 2010.1.18, 2011.6.7 >\n\n1.   1. 제10조제2항(제88조에서 준용하는 경우를 포함한다), 제12조의2제2항, 제13조제1항, 제17조제4항, 제31조제1항, 제34조제4항, 제37조제3항·제4항, 제39조제3항, 제48조제2항·제10항 또는 제55조를 위반한 자\n2.   2. ~ 9. 생략\n\n###### 제101조(과태료)\n\n1.   ① 다음 각 호의 어느 하나에 해당하는 자에게는 1천만원 이하의 과태료를 부과한다. \n    1.   1. 제11조제2항을 위반하여 영양표시 기준을 준수하지 아니한 자\n    2.   2. 삭제 <2010.2.4>\n\n2.   ② ~ ④ 생략\n\n##### 식품위생법 시행규칙| 보건복지부령 제100호, 2012. 1.17, 일부개정\n\n###### 제6조(영양표시 대상 식품)\n\n1.   ① 법 제11조제1항에서 \"보건복지부령으로 정하는 식품\"이란 다음 각 호의 식품을 말한다.\n\n<개정 2010.3.19, 2012.1.17>\n    1.   1. 장기보존식품(레토르트식품만 해당한다)\n    2.   2. 과자류 중 과자, 캔디류 및 빙과류\n    3.   3. 빵류 및 만두류\n    4.   4. 초콜릿류\n    5.   5. 잼류\n    6.   6. 식용 유지류(油脂類)\n    7.   7. 면류\n    8.   8. 음료류\n    9.   9. 특수용도식품\n    10.   10. 어육가공품 중 어육소시지\n    11.   11. 즉석섭취식품 중 김밥, 햄버거, 샌드위치\n\n2.   ② 제1항에도 불구하고 다음 각 호의 식품은 영양표시 대상 식품으로 보지 아니한다. \n    1.   1. 즉석판매제조·가공업자가 제조·가공하는 식품\n    2.   2. 최종 소비자에게 제공되지 아니하고 다른 식품을 제조·가공 또는 조리할 때 원료로 사용되는 식품\n    3.   3. 식품의 포장 또는 용기의 주 표시면 면적이 30제곱센티미터 이하인 식품\n\n##### 식품등의 표시기준| 식품의약품안전청 고시 제2011-67호, 2011.11.07, 일부개정\n\n제4조(표시사항) 식품등의 표시사항은 다음과 같다.\n\n1.   1. 제품명(기구 또는 용기∙포장은 제외한다)\n2.   2.. 식품의 유형(따로 정하는 제품에 한한다)\n3.   3. <삭제 99. 2. 18>\n4.   4. 업소명 및 소재지\n5.   5. 제조연월일(따로 정하는 제품에 한한다)\n6.   6. 유통기한 또는 품질유지기한(식품첨가물과 기구 또는 용기∙포장은 제외한다)\n7.   7. 내용량(내용량에 해당하는 열량): 내용량은 기구 또는 용기∙포장 제품을 제외하며, 내용량에 해당하는 열량은 영양성분 대상 식품에 한하여 표시한다.\n8.   8. 원재료명(기구 또는 용기∙포장은 재질로 표시한다) 및 함량(원재료를 제품명 또는 제품명의 일부로 사용하는 경우에 한한다)\n9.   9. 성분명 및 함량(성분표시를 하고자 하는 식품 및 성분명을 제품명 또는 제품명의 일부로 사용하는 경우에 한한다)\n10.   10. 영양성분 (따로 정하는 제품에 한한다)\n11.   11. 기타 식품 등의 세부표시기준에서 정하는 사항\n\n※ 상기 내용엔 생략된 조항이 있을 수 있으며 현재 시행중인 내용이 아닐 수 있습니다. 법령 전문 및 개정사항, 현재 시행 중인 법령은 법제처 국가법령정보센터([https://www.law.go.kr](https://www.law.go.kr/))에서 직접 확인하시기 바랍니다.\n\n##### 농수산물 또는 그 가공품\n\n「농수산물의 원산지 표시에 관한 법률」에 의거 농수산물 또는 그 가공품을 판매하는 경우 소비자가 쉽게 알아 볼 수 있도록 원산지를 표시하여야 합니다.\n\n원산지 표시 대상 품목 국산 농수산물, 수입 농수산물과 그 가공품 또는 반입 농수산물과 그 가공품 ※ 세부 대상 품목은 「농수산물의 원산지 표시요령」의 [별표1], [별표2] 참고\n\n[국립농산물품질관리원 홈페이지](https://www.naqs.go.kr/)> 업무소개 > 원산지관리 > 농식품원산지표시 > 관련법령 및 고시 에서 ‘농수산물의 원산지 표시요령’ 다운로드 원산지 표시 방법「농수산물의 원산지 표시에 관한 법률 시행령 [별표 1] 원산지의 표시기준(제5조제1항 관련)」 참고 통신판매의 경우 원산지 표시방법「농수산물의 원산지 표시에 관한 법률 시행규칙 [별표 3] 통신판매의 경우 원산지 표시방법(제3조제1호 관련)」 참고\n\n[관련 법령 보기](https://safety.smartstore.naver.com/main/rules/safety/care#)\n\n##### 농수산물의 원산지 표시에 관한 법률| 법률 제10933호, 2011. 7.25, 일부개정\n\n###### 제5조(원산지 표시)\n\n1.   ① 대통령령으로 정하는 농수산물 또는 그 가공품을 생산·가공하여 출하하거나 판매(통신판매를 포함한다. 이하 같다) 또는 판매할 목적으로 보관·진열하는 자는 다음 각 호에 대하여 원산지를 표시하여야 한다. \n    1.   1. 농수산물\n    2.   2. 농수산물 가공품의 원료\n\n2.   ② 다음 각 호의 어느 하나에 해당하는 때에는 제1항에 따라 원산지를 표시한 것으로 본다. \n    1.   1. 「농산물품질관리법」 제4조 또는 「수산물품질관리법」 제5조에 따른 표준규격품의 표시를 한 경우\n    2.   2. 「농산물품질관리법」 제5조에 따른 농산물우수관리인증표시 또는「수산물품질관리법」 제6조에 따른 품질인증표시를 한 경우\n    3.   3. 「농산물품질관리법」 제7조의5에 따른 농산물이력추적관리의 표시또는「수산물품질관리법」 제8조의2에 따른 수산물이력추적관리의 표시를 한 경우\n    4.   4. 「수산물품질관리법」 제8조의3에 따른 친환경수산물인증의 표시를 한 경우\n    5.   5.「농산물품질관리법」 제8조 또는 「수산물품질관리법」 제9조에 따른 지리적표시를 한 경우\n    6.   6. 다른 법률에서 농수산물의 원산지나 그 가공품의 원료의 원산지를 표시하도록 규정하고 있는 경우\n\n3.   ③ 식품접객업 및 집단급식소 중 대통령령으로 정하는 영업소나 집단급식소를 설치·운영하는 자는 대통령령으로 정하는 농수산물이나 그 가공품을 조리하여 판매·제공하는 경우(조리하여 판매 또는 제공할 목적으로 보관·진열하는 경우를 포함한다. 이하 같다)에 그 농수산물이나 그 가공품의 원료에 대하여 원산지(쇠고기는 식육의 종류를 포함한다. 이하 같다)를 표시하여야 한다. \n4.   ④ 제1항이나 제3항에 따른 표시대상, 표시를 하여야 할 자, 표시기준은 대통령령으로 정하고, 표시방법과 그 밖에 필요한 사항은 농림수산식품부령으로 정한다.\n\n###### 제6조(거짓 표시 등의 금지)\n\n1.   ① 누구든지 다음 각 호의 행위를 하여서는 아니 된다. \n    1.   1. 원산지 표시를 거짓으로 하거나 이를 혼동하게 할 우려가 있는 표시를 하는 행위\n    2.   2. 원산지 표시를 혼동하게 할 목적으로 그 표시를 손상·변경하는 행위\n    3.   3. 원산지를 위장하여 판매하거나, 원산지 표시를 한 농수산물이나 그 가공품에 다른 농수산물이나 가공품을 혼합하여 판매하거나 판매할 목적으로 보관이나 진열하는 행위\n\n2.   ② 농수산물이나 그 가공품을 조리하여 판매·제공하는 자는 다음 각 호의 행위를 하여서는 아니 된다. \n    1.   1. 원산지 표시를 거짓으로 하거나 이를 혼동하게 할 우려가 있는 표시를 하는 행위\n    2.   2. 원산지를 위장하여 조리·판매·제공하거나, 조리하여 판매·제공할 목적으로 농수산물이나 그 가공품의 원산지 표시를 손상·변경하여 보관·진열하는 행위\n    3.   3. 원산지 표시를 한 농수산물이나 그 가공품에 원산지가 다른 동일 농수산물이나 그 가공품을 혼합하여 조리·판매·제공하는 행위\n\n3.   ③ 제1항이나 제2항을 위반하여 원산지를 혼동하게 할 우려가 있는 표시 및 위장판매의 범위 등 필요한 사항은 농림수산식품부령으로 정한다.\n4.   ④ 「유통산업발전법」 제2조제3호에 따른 대규모점포를 개설한 자는 임대의 형태로 운영되는 점포(이하 \"임대점포\"라 한다)의 임차인 등 운영자가 제1항 각 호 또는 제2항 각 호의 어느 하나에 해당하는 행위를 하도록 방치하여서는 아니 된다. <신설 2011.7.25>\n\n###### 제9조(원산지 표시 등의 위반에 대한 처분 등)\n\n1.   ① 농림수산식품부장관이나 시·도지사는 제5조나 제6조를 위반한 자에 대하여 다음 각 호의 어느 하나의 처분을 할 수 있다. 다만, 제5조제3항을 위반한 자에 대한 처분은 제1호에 한한다. \n    1.   1. 표시의 이행·변경·삭제 등 시정명령\n    2.   2. 위반 농수산물이나 그 가공품의 판매 등 거래행위 금지\n\n2.   ② 농림수산식품부장관이나 시·도지사는 다음 각 호의 자가 제5조 또는 제6조를 위반하여 농수산물이나 그 가공품 등의 원산지 등을 2회 이상 표시하지 아니하거나 거짓으로 표시함에 따라 제1항에 따른 처분이 확정된 경우 처분 내용, 해당 영업소와 농수산물 등의 명칭 등 처분과 관련된 사항을 대통령령으로 정하는 바에 따라 농림수산식품부, 국립농산물품질관리원, 농림수산검역검사본부, 시·도, 시·군·구, 한국소비자원 및 대통령령으로 정하는 주요 인터넷 정보제공 사업자의 홈페이지에 공표하여야 한다. <개정 2011.7.25>\n    1.   1. 제5조제1항에 따라 원산지의 표시를 하도록 한 농수산물이나 그 가공품을 생산·가공하여 출하하거나 판매 또는 판매할 목적으로 가공하는 자\n    2.   2. 제5조제3항에 따라 음식물을 조리하여 판매·제공하는 자\n\n###### 제14조(벌칙)\n\n제6조제1항을 위반한 자는 7년 이하의 징역이나 1억원 이하의 벌금에 처하거나 이를 병과(倂科)할 수 있다.\n\n###### 제15조(벌칙)\n\n제6조제2항을 위반한 자는 7년 이하의 징역이나 1억원 이하의 벌금에 처하거나 이를 병과할 수 있다.\n\n[전문개정 2011.7.25]\n\n##### 농수산물의 원산지 표시에 관한 법률 시행령| 대통령령 제23533호, 2012. 1.25, 일부개정\n\n###### 제3조(원산지의 표시대상)\n\n1.   ① 법 제5조제1항 각 호 외의 부분에서 \"대통령령으로 정하는 농수산물 또는 그 가공품\"이란 다음 각 호의 농수산물 또는 그 가공품을 말한다. \n    1.   1. 유통질서의 확립과 소비자의 올바른 선택을 위하여 필요하다고 인정하여 농림수산식품부장관이 고시한 농수산물 또는 그 가공품\n    2.   2. 「대외무역법」 제33조에 따라 지식경제부장관이 공고한 수입 농수산물 또는 그 가공품\n\n2.   ② 법 제5조제1항제2호에 따른 농수산물 가공품의 원료에 대한 원산지 표시대상은 다음 각 호와 같다. 다만, 물, 식품첨가물 및 당류는 배합 비율의 순위와 표시대상에서 제외한다. \n    1.   1. 사용된 원료 중 배합 비율이 높은 순서의 두 가지 원료. 다만, 사용된 원료 중 배합 비율이 98퍼센트 이상인 원료가 있을 때에는 그 원료만을 표시대상으로 할 수 있다.\n    2.   2. 「식품위생법」 제10조에 따른 식품 등의 표시기준 및 「축산물위생관리법」 제6조에 따른 축산물의 표시기준에서 정한 복합원재료를 사용한 경우에는 농림수산식품부장관이 정하여 고시하는 기준에 따른 원료\n\n3.   ③ 제2항을 적용할 때 원료 농수산물의 명칭을 제품명 또는 제품명의 일부로 사용하는 경우로서 그 원료 농수산물이 같은 항에 따른 표시대상이 아닌 경우에는 그 원료 농수산물을 함께 표시대상으로 하여야 한다.\n4.   ④ 농수산물 가공품의 신뢰도를 높이기 위하여 필요한 경우에는 제2항 및 제3항에 따른 표시대상 원료 외의 원료에 대해서도 그 원산지를 표시할 수 있다.M\n5.   ⑤ 법 제5조제3항에서 \"대통령령으로 정하는 농수산물이나 그 가공품\"이란 다음 각 호의 것을 말한다. \n    1.   1. 쇠고기의 식육·포장육·식육가공품: 구이용, 탕용(湯用), 찜용, 튀김용, 육회용(肉膾用) 등 모든 용도로 조리하여 판매·제공(육회용의 경우 조리 과정 없이 날 것으로 판매·제공하는 것을 포함한다)하는 것\n    2.   2. 돼지고기의 식육·포장육·식육가공품(「축산물위생관리법」 제2조제8호에 따른 양념육류·분쇄가공육제품·갈비가공품·식육추출가공품과 「식품위생법」 제14조의 식품등의 공전(公典)에 따른 식육가공품 중 보쌈·족발만 해당한다): 구이용, 탕용, 찜용 또는 튀김용으로 조리하여 판매·제공하는 것 \n    3.   3. 닭고기의 식육·포장육·식육가공품(「축산물위생관리법」 제2조제8호에 따른 양념육류·분쇄가공육제품·갈비가공품 및 식육추출가공품만 해당한다): 구이용, 탕용, 찜용 또는 튀김용으로 조리하여 판매·제공하는 것(배달을 통하여 판매·제공하는 것을 포함한다)\n    4.   4. 오리고기의 식육·포장육·식육가공품(「축산물위생관리법」 제2조제8호에 따른 햄류·양념육류·분쇄가공육제품·갈비가공품 및 식육추출가공품만 해당한다): 구이용, 탕용, 찜용, 튀김용 또는 훈제용으로 조리하여 판매·제공하는 것(햄류는 훈제용만 해당한다)\n    5.   5. 쌀(찐쌀을 포함한다. 이하 같다): 원형을 유지하여 조리·판매하는 경우로서 밥(죽, 식혜, 떡 및 면은 제외한다)으로 제공하는 것\n    6.   6. 배추김치: 절임, 양념 혼합, 발효 또는 가공 등의 과정을 거쳐 반찬으로 제공하는 것\n\n###### 제5조(원산지의 표시기준)\n\n1.   ① 법 제5조제4항에 따른 원산지의 표시기준은 별표 1과 같다.\n2.   ② 제1항에서 규정한 사항 외에 원산지의 표시기준에 관하여 필요한 사항은 농림수산식품부장관이 정하여 고시한다.\n\n##### 농수산물의 원산지 표시에 관한 법률 시행령 [별표 1] 원산지의 표시기준(제5조제1항 관련)| 개정 2012.1.25\n\n1.   1. 농수산물 \n    *   가. 국산 농수산물 \n        1.   1) 국산 농산물: \"국산\"이나 \"국내산\" 또는 그 농산물을 생산·채취·사육한 지역의 시·도명이나 시·군·자치구(이하 \"시·군·구\"라 한다)명을 표시한다. \n\n        3.   2) 국산 수산물: \"국산\"이나 \"국내산\" 또는 \"연근해산\"으로 표시한다. 다만, 양식 수산물이나 연안정착성 수산물 또는 내수면 수산물의 경우에는 해당 수산물을 생산·채취·양식·포획한 지역의 시·도명이나 시·군·구명을 표시할 수 있다. \n\n    *   나. 원양산 수산물 \n        1.   1) 「원양산업발전법」제6조제1항에 따라 원양어업의 허가를 받은 어선이 해외수역에서 어획하여 국내에 반입한 수산물은 \"원양산\"으로 표시하거나 \"원양산\" 표시와 함께 \"태평양\", \"대서양\", \"인도양\", \"남빙양\", \"북빙양\"의 해역명을 표시한다. \n        2.   2) 1)에 따른 표시 외에 연안국 법령에 따라 별도로 표시하여야 하는 사항이 있는 경우에는 1)에 따른 표시와 함께 표시할 수 있다.\n\n    *   다. 원산지가 다른 동일 품목을 혼합한 농수산물 \n        1.   1) 국산 농수산물로서 그 생산 등을 한 지역이 각각 다른 동일 품목의 농수산물을 혼합한 경우에는 혼합 비율이 높은 순서로 3개 지역까지의 시·도명 또는 시·군·구명과 그 혼합 비율을 표시하거나 \"국산\", \"국내산\" 또는 \"연근해산\"으로 표시한다.\n        2.   2) 동일 품목의 국산 농수산물과 국산 외의 농수산물을 혼합한 경우에는 혼합비율이 높은 순서로 3개 국가(지역, 해역 등)까지의 원산지와 그 혼합비율을 표시한다.\n\n    *   라. 2개 이상의 품목을 포장한 수산물: 서로 다른 2개 이상의 품목을 용기에 담아 포장한 경우에는 혼합 비율이 높은 2개까지의 품목을 대상으로 가목2), 나목 및 제2호의 기준에 따라 표시한다.\n\n2.   2. 수입 농수산물과 그 가공품 및 반입 농수산물과 그 가공품 \n    *   가. 수입 농수산물과 그 가공품(이하 “수입농수산물등”이라 한다)은 「대외무역법」에 따른 통관 시의 원산지를 표시한다.\n    *   나. 「남북교류협력에 관한 법률」에 따라 반입한 농수산물과 그 가공품(이하 “반입농수산물등”이라 한다)은 같은 법에 따른 반입 시의 원산지를 표시한다.\n\n3.   3. 농수산물 가공품(수입농수산물등 또는 반입농수산물등을 국내에서 가공한 것을 포함한다) \n    *   가. 사용된 원료의 원산지를 제1호 및 제2호의 기준에 따라 표시한다.\n    *   나. 원산지가 다른 동일 원료를 혼합하여 사용한 경우에는 혼합 비율이 높은 순서로 2개 국가(지역, 해역 등)까지의 원료 원산지와 그 혼합 비율을 각각 표시한다.\n    *   다. 원산지가 다른 동일 원료의 원산지별 혼합 비율이 변경된 경우로서 그 어느 하나의 변경의 폭이 최대 15퍼센트 이하이면 종전의 원산지별 혼합 비율이 표시된 포장재를 혼합 비율이 변경된 날부터 1년의 범위에서 사용할 수 있다.\n    *   라. 사용된 원료(물, 식품첨가물 및 당류는 제외한다)의 원산지가 모두 국산일 경우에는 원산지를 일괄하여 “국산”이나 “국내산” 또는 “연근해산”으로 표시할 수 있다.\n    *   마. 원료의 수급 사정으로 인하여 원료의 원산지 또는 혼합 비율이 자주 변경되는 경우로서 다음의 어느 하나에 해당하는 경우에는 농림수산식품부장관이 정하여 고시하는 바에 따라 원료의 원산지와 혼합 비율을 표시할 수 있다. \n        1.   1) 특정 원료의 원산지나 혼합 비율이 최근 3년 이내에 연평균 3개국(회) 이상 변경되거나 최근 1년 동안에 3개국(회) 이상 변경된 경우\n        2.   2) 정부가 농수산물 가공품의 원료로 공급하는 수입쌀을 사용하는 경우\n        3.   3) 그 밖에 농림수산식품부장관이 필요하다고 인정하여 고시하는 경우\n\n##### 농수산물의 원산지 표시에 관한 법률 시행규칙| 농림수산식품부령 제158호, 2010.11.26, 타법개정\n\n###### 제3조(원산지의 표시방법)\n\n「농수산물의 원산지 표시에 관한 법률」(이하 \"법\"이라 한다) 제5조제4항에 따른 원산지의 표시방법은\n\n 다음 각 호의 구분과 같다.\n\n1.   1. 법 제5조제1항에 따라 원산지를 표시하여야 하는 경우: 영 제5조의 원산지의 표시기준에 따라 표시하되, 세부적인 표시방법은 별표 1부터 별표 3까지에 따를 것\n2.   2. 생략\n\n##### 농수산물의 원산지 표시에 관한 법률 시행규칙 [별표3] 통신판매의 경우 원산지 표시방법(제3조 제1호 관련)\n\n1.   1. 일반적인 표시방법 \n    *   가. 표시는 한글로 하되, 필요한 경우에는 한글 옆에 한문 또는 영문 등으로 추가하여 표시할 수 있다. 다만, 매체 특성상 문자로 표시할 수 없는 경우에는 말로 표시하여야 한다.\n    *   나. 원산지를 표시할 때에는 소비자가 혼란을 일으키지 않도록 글자로 표시할 경우에는 글자의 위치∙크기 및 색깔은 쉽게 알아 볼 수 있어야 하고, 말로 표시할 경우에는 말의 속도 및 소리의 크기는 제품을 설명하는 것과 같아야 한다.\n    *   다. 원산지가 같은 경우에는 일괄하여 표시할 수 있다.\n\n2.   2. 개별적인 표시방법 \n    *   가. 전자매체 이용 \n        1.   1) 글자로 표시할 수 있는 경우 (인터넷, PC통신, 케이블TV, IPTV. TV 등) \n            *   가) 표시 위치: 제품명 또는 가격표시 주위에 표시하거나 매체의 특성에 따라 자막 또는 별도의 창을 이용할 수 있다.\n            *   나) 표시 시기: 원산지를 표시하여야 할 제품이 화면에 표시되는 시점부터 원산지를 알 수 있도록 표시해야 한다.\n            *   다) 글자 크기: 제품명 또는 가격표시와 같거나 그보다 커야 한다.\n            *   라) 글자색: 제품명 또는 가격표시와 같은 색으로 한다.\n\n        2.   2) 생략\n\n    *   나. 생략\n\n※ 상기 내용엔 생략된 조항이 있을 수 있으며 현재 시행중인 내용이 아닐 수 있습니다. 법령 전문 및 개정사항, 현재 시행 중인 법령은 법제처 국가법령정보센터([https://www.law.go.kr](https://www.law.go.kr/))에서 직접 확인하시기 바랍니다.\n\n##### 친환경농산물\n\n「친환경농업육성법」에 의거 친환경 농산물 인증품이 아닌 농산물에 친환경 농산물 표시 또는 이와 유사한 행위 및 친환경 관련 문구(무농약, 유기농 등)를 기재하여 판매 할 수 없습니다.\n\n‘친환경농산물’이란 합성농약, 화학비료 및 항생·항균제 등 화학자재를 사용하지 아니하거나 사용을 최소화하고 농업·수산업·축산업·임업 부산물의 재활용 등을 통하여 농업생태계와 환경을 유지·보전하면서 생산해 낸 농산물로 국립농산물품질관리원장 또는 관련 인증기관으로부터 ‘친환경농산물인증’을 받은 농산물\n##### 친환경농산물 종류별 표시방법\n\n*   상세 표시방법은 「친환경농업육성법 시행규칙 [별표2] 친환경농산물의 표시(제8조제1항 관련)」<개정 2011.12.30> 또는\n*   [국립농산물품질관리원 홈페이지](https://www.naqs.go.kr/)> 업무소개 > 친환경농산물인증 > 인증표시요령 참조\n\n친환경농산물 종류별표시방법| 인증제도명 | 기존로고 | 새 통합로고(기본색) | 표시문자 |\n| --- | --- | --- | --- |\n| 한글표시 | 영문표시 |\n| 유기농산물 및 유기축산물 | 유기농산물 로고 | 유기농한글표시 로고 | 유기농영문표시 로고 | * 유기농산물∙유기축산물 또는 유기OO (OO은 농사물의 일반적 명칭으로 한다) * 유기재배농산물∙유기재배OO, 유기축산OO 또는 유기농 OO |\n| 무농약농산물 | 무농약농산물 로고 | 무농약한글표시 로고 | 무농약영문표시 로고 | * 무농약농산물 또는 무농약OO * 무농약재배농산물 또는 무농약재배OO |\n| 무항생제축산물 | 무항생제축산물 로고 | 무항생제축산물 한글표시 로고 | 무항생제축산물 영문표시 로고 | * 무항생제축산물, 무항생제OO 또는 무항생제사육OO |\n| 저농약농산물 | 저농약농산물 로고 | * 저농약농산물 또는 저농약OO * 저농약재배농산물 또는 저농약재배OO |\n\n[관련 법령 보기](https://safety.smartstore.naver.com/main/rules/safety/care#)\n\n##### 친환경농업육성법| 법률 제10455호, 2011. 3. 9, 일부개정\n\n###### 제16조(친환경농산물의 분류)\n\n1.   ① 친환경농산물은 생산방법과 사용자재 등에 따라 유기농산물과 무농약농산물(축산물의 경우 무항생제축산물이라 한다)로 분류한다.\n2.   ② 삭제 <2011.3.9>\n\n[전문개정 2009.4.1]\n\n###### 제17조(친환경농산물의 인증)\n\n1.   ① 농림수산식품부장관은 친환경농업의 육성과 소비자보호를 위하여 농산물이 제16조제1항에 따른 친환경농산물임을 인증할 수 있다.\n2.   ② 제1항에 따라 친환경농산물의 인증을 받은 친환경농산물(이하 \"인증품\"이라 한다)의 포장·용기 등에 농림수산식품부령으로 정하는 바에 따라 친환경농산물의 도형 또는 문자의 표시(이하 \"친환경농산물표시\"라 한다)를 할 수 있다. 이 경우 농림수산식품부령으로 정하는 바에 따라 인증번호, 품목 및 생산지 등의 관련 정보를 함께 표시하여야 한다. <개정 2011.3.9>\n3.   ③ 제1항에 따른 친환경농산물의 인증기준 등에 필요한 사항은 농림수산식품부령으로 정한다\n\n[전문개정 2009.4.1]\n\n###### 제17조의5(부정행위의 금지 등)\n\n누구든지 다음 각 호의 어느 하나에 해당하는 행위를 하여서는 아니 된다.\n\n1.   1. 거짓이나 그 밖의 부정한 방법으로 친환경농산물인증을 받는 행위\n2.   2. 인증품이 아닌 농산물에 친환경농산물표시 또는 이와 유사한 표시(친환경농산물로 오인될 우려가 있는 외국어표시를 포함한다. 이하 같다)를 하거나, 인증품에 친환경농산물인증을 받은 내용과 다르게 표시를 하는 행위\n3.   3. 인증품에 인증품이 아닌 농산물을 혼합하여 판매하는 행위 또는 판매할 목적으로 보관·운반 또는 진열하는 행위\n4.   4. 친환경농산물표시 또는 이와 유사한 표시를 한 인증품이 아닌 농산물 또는 친환경농산물인증을 받은 내용과 다르게 표시를 한 농산물임을 알고 그 농산물을 판매하는 행위 또는 판매할 목적으로 보관·운반 또는 진열하는 행위\n5.   5. 인증품이 아닌 농산물을 제16조제1항에 따른 친환경농산물로 광고하거나 친환경농산물인증을 받은 내용과 다르게 인증품을 광고하는 행위\n\n[전문개정 2009.4.1]\n\n###### 제25조(벌칙)\n\n다음 각 호의 어느 하나에 해당하는 자는 3년 이하의 징역 또는 3천만원 이하의 벌금에 처한다. <개정 2011.3.9>\n\n1.   1. 제17조의5제1호를 위반하여 거짓이나 그 밖의 부정한 방법으로 친환경농산물인증을 받은 자\n2.   2. 제17조의5제2호를 위반하여 친환경농산물표시 또는 이와 유사한 표시를 하거나 친환경농산물인증을 받은 내용과 다르게 표시를 한 자\n3.   3. 제17조의5제3호를 위반하여 인증품에 인증품이 아닌 농산물을 혼합하여 판매한 자 또는 판매할 목적으로 보관·운반 또는 진열한 자\n4.   4. 제17조의5제4호를 위반하여 친환경농산물표시 또는 이와 유사한 표시를 한 인증품이 아닌 농산물 또는 친환경농산물인증을 받은 내용과 다르게 표시한 농산물임을 알고 그 농산물을 판매한 자 또는 판매할 목적으로 보관·운반 또는 진열한 자\n5.   5. 제17조의5제5호를 위반하여 인증품이 아닌 농산물을 제16조제1항에 따른 친환경농산물로 광고하거나 친환경농산물인증을 받은 내용과 다르게 인증품을 광고한 자\n6.   6. ~ 12. 생략\n\n[전문개정 2009.4.1]\n\n##### 친환경농업육성법 시행규칙| 농림수산식품부령 제236호, 2011.12.30, 일부개정\n\n###### 제8조(친환경농산물표시)\n\n1.   ① 법 제17조제2항의 규정에 의한 친환경농산물표시는 별표 2와 같다.\n2.   ② 제1항에 따른 친환경농산물표시를 하려는 자는 친환경농산물표시와 함께 친환경농산물인증을 받은 자의 성명·전화번호, 인증번호, 품목, 생산지, 생산연도(곡류에 한한다) 및 무게 또는 개수 등을 소비자가 알아보기 쉽게 친환경농산물의 인증을 받은 친환경농산물(이하 \"인증품\"이라 한다)의 포장 또는 용기에 표시하여야 한다. 다만, 포장을 하지 아니하고 판매하거나 낱개로 판매하는 경우에는 해당 인증품에 스티커를 부착하거나 표시판 또는 푯말로 이를 표시할 수 있다.\n\n<개정 2007.3.28, 2009.12.14, 2011.10.13>\n3.   ③ 인증품의 포장을 뜯어 내용물이나 포장단위를 변경하거나 가공하지 아니한 상태로 단순 처리한 후 다시 포장(이하 \"재포장\"이라 한다)하여 제1항에 따른 친환경농산물표시를 하려는 자(이하 \"취급자\"라 한다)는 제2항에 따른 표시와 함께 취급자의 업체명, 전화번호, 작업장 주소와 롯트번호 또는 바코드 등의 식별체계를 표시하여야 한다.\n\n<신설 2007.3.28, 2009.12.14>\n4.   ④ 제1항부터 제3항까지의 규정에 따른 친환경농산물 표시의 세부적인 사항과 인증번호 또는 인증기관 변경에 따라 친환경농산물 표시사항이 변경된 경우에 이미 제작된 포장재의 사용 가능한 기간은 국립농산물품질관리원장이 정하는 바에 따른다.\n\n<신설 2011.10.13>\n\n※ 상기 내용엔 생략된 조항이 있을 수 있으며 현재 시행중인 내용이 아닐 수 있습니다. 법령 전문 및 개정사항, 현재 시행 중인 법령은 법제처 국가법령정보센터([https://www.law.go.kr](https://www.law.go.kr/))에서 직접 확인하시기 바랍니다.\n\n##### 건강기능식품\n\n「건강기능식품에 관한 법률」에 의거 건강기능식품을 제조하는 경우에는 식품의약품안전청장의 허가를 받아야 하며, 수입 및 판매를 하는 경우에도 각각 식품의약품안정청장 및 시장·군수·구청장에게 신고를 하여야 합니다.\n\n‘건강기능식품’이란 인체에 유용한 기능성을 가진 원료나 성분을 사용하여 제조·가공한 식품\n##### 건강기능식품의 표시기준\n\n건강기능식품의 용기·포장에는 다음의 사항을 표시하여야 합니다.\n\n*   건강기능식품이라는 문자 또는 건강기능식품임을 나타내는 도형 건강기능식품도형\n*   기능성분 또는 영양소 및 그 영양권장량에 대한 비율(영양권장량이 설정된 것에 한함)\n*   섭취량 및 섭취방법, 섭취 시 주의사항\n*   유통기한 및 보관방법\n*   질병의 예방 및 치료를 위한 의약품이 아니라는 내용의 표현\n*   그 밖에 식품의약품안전청장이 정하는 사항 ※ 세부 표시기준 및 방법은 식품의약품안전청 고시 제2011-19호 「건강기능식품의 표시기준」 참고\n\n##### 판매가 금지되는 상품\n\n*   인체의 건강을 해칠 우려가 있는 위해 건강기능식품\n*   영업허가를 받지 않은 자가 제조한 것\n*   수입이 금지된 것 또는 수입신고를 하지 않고 수입한 것\n*   기준∙규격에 위반되는 건강기능식품\n*   표시기준을 위반하는 건강기능식품\n*   건강기능식품이 아니면서 건강기능식품으로 오인될 우려가 있는 표시를 한 상품\n\n[관련 법령 보기](https://safety.smartstore.naver.com/main/rules/safety/care#)\n\n##### 건강기능식품에 관한 법률| 법률 제10219호, 2010. 3.31, 타법개정\n\n###### 제4조(영업의 종류 및 시설기준)\n\n1.   ① 다음 각호의 1에 해당하는 영업을 하고자 하는 자는 보건복지부령이 정하는 기준에 적합한 시설을 갖추어야 한다.\n\n<개정 2008.2.29, 2010.1.18>\n    1.   1. 건강기능식품제조업\n    2.   2. 건강기능식품수입업\n    3.   3. 건강기능식품판매업\n\n2.   ② 제1항의 규정에 의한 영업의 세부종류와 그 범위는 대통령령으로 정한다.\n\n###### 제5조(영업의 허가 등)\n\n1.   ① 제4조제1항제1호의 규정에 의한 건강기능식품제조업을 하고자 하는 자는 보건복지부령이 정하는 바에 따라 영업소별로 제4조의 규정에 의한 시설을 갖추고 식품의약품안전청장의 허가를 받아야 한다. 대통령령이 정하는 사항을 변경하고자 하는 때에도 또한 같다. <개정 2008.2.29, 2010.1.18>\n2.   ② 제1항의 규정에 의하여 허가를 받은 자가 그 영업을 폐업하거나 허가받은 사항중 보건복지부령이 정하는 사항을 변경하고자 하는 때에는 식품의약품안전청장에게 신고하여야 한다. <개정 2008.2.29, 2010.1.18>\n3.   ③ 제1항 및 제2항의 규정에 의한 영업의 허가, 변경허가 및 변경신고의 절차 등에 관하여 필요한 사항은 보건복지부령으로 정한다. <개정 2008.2.29, 2010.1.18>\n\n###### 제6조(영업의 신고 등)\n\n1.   ① 제4조제1항제2호에 따라 건강기능식품수입업을 하려는 자는 보건복지부령으로 정하는 바에 따라 영업소별로 제4조에 따른 시설을 갖추고 영업소의 소재지를 관할하는 특별자치도지사·시장·군수·구청장(자치구의 구청장을 말한다. 이하 같다)에게 신고하여야 한다. <개정 2010.3.17>\n2.   ② 제4조제1항제3호의 규정에 의하여 건강기능식품판매업을 하고자 하는 자는 보건복지부령이 정하는 바에 따라 영업소별로 제4조의 규정에 의한 시설을 갖추고 영업소의 소재지를 관할하는 시장·군수·구청장(자치구의 구청장을 말한다. 이하 같다)에게 신고하여야 한다. 다만, 「약사법」 제20조에 따라 개설등록한 약국에서 건강기능식품을 판매하는 경우에는 그러하지 아니하다. <개정 2004.3.22, 2007.4.11, 2008.2.29, 2008.3.21, 2010.1.18>\n3.   ③ 제1항 및 제2항의 규정에 의하여 신고를 한 자가 그 영업을 폐업하거나 보건복지부령이 정하는 사항을 변경하고자 하는 때에는 제1항의 규정에 의하여 신고한 자는 식품의약품안전청장에게, 제2항의 규정에 의하여 신고한 자는 시장·군수·구청장에게 신고하여야 한다. <개정 2008.2.29, 2008.3.21, 2010.1.18>\n4.   ④ 제1항 내지 제3항의 규정에 의한 영업의 신고 및 변경신고의 절차 등에 관하여 필요한 사항은 보건복지부령으로 정한다.\n\n<개정 2008.2.29, 2010.1.18>\n\n###### 제7조(품목제조신고 등)\n\n1.   ① 제5조제1항의 규정에 의하여 건강기능식품제조업의 허가를 받은 자가 건강기능식품을 제조하고자 하는 때에는 그 품목의 제조방법설명서 등 보건복지부령이 정하는 사항을 식품의약품안전청장에게 신고하여야 한다. 신고한 사항중 보건복지부령이 정하는 사항을 변경하고자 하는 때에도 또한 같다. <개정 2008.2.29, 2010.1.18>\n2.   ② 제1항의 규정에 의한 품목제조신고 및 변경신고의 절차 등에 관하여 필요한 사항은 보건복지부령으로 정한다.\n\n<개정 2008.2.29, 2010.1.18>\n\n###### 제8조(건강기능식품의 수입신고 등)\n\n1.   ① 영업상 사용하기 위하여 건강기능식품을 수입하고자 하는 자는 보건복지부령이 정하는 바에 따라 식품의약품안전청장에게 신고하여야 한다. <개정 2008.2.29, 2010.1.18>\n2.   ② 식품의약품안전청장은 보건복지부령이 정하는 사유가 있는 경우에는 제1항의 규정에 의하여 신고된 건강기능식품에 대하여 통관절차 완료전에 관계공무원 또는 검사기관으로 하여금 필요한 검사를 하게 하여야 한다. <개정 2008.2.29, 2010.1.18>\n3.   ③ 식품의약품안전청장은 제1항의 규정에 의하여 신고된 건강기능식품이 다음 각호의 1에 해당하는 경우에는 제2항의 규정에 불구하고 검사의 전부 또는 일부를 생략할 수 있다. <개정 2008.2.29, 2010.1.18>\n    1.   1. 제4조, 제14조, 제15조 및 제17조의 규정에 의한 시설기준 및 기준·규격 등에 적합하고, 제18조 및 제23조 내지 제25조의 규정에 의한 광고 및 판매금지 사유에 해당하지 아니 한다고 식품의약품안전청장이 사전에 확인하여 고시\n\n(이하 \"수입건강기능식품사전확인등록\"이라 한다)한 경우\n    2.   2. 식품위생법 제18조의 규정에 의하여 식품의약품안전청장이 지정한 식품위생검사기관(이하 \"검사기관\"이라 한다) 또는 식품의약품안전청장이 인정하여 고시한 국외 검사기관에서 검사를 받아 그 검사성적서 또는 검사증명서를 제출하는 경우\n    3.   3. 그 밖에 제1호 및 제2호에 준하는 사항으로서 보건복지부령이 정하는 사유에 해당하는 경우\n\n4.   ④ 제1항의 규정에 의한 수입신고의 절차, 제2항의 규정에 의한 검사의 종류·대상·검사방법 및 제3항의 규정에 의한 수입건강기능식품사전확인등록의 기준·인정절차 등에 관하여 필요한 사항은 보건복지부령으로 정한다. <개정 2008.2.29, 2010.1.18>\n\n###### 제16조(기능성 표시·광고의 심의)\n\n1.   ① 건강기능식품의 기능성 표시·광고를 하고자 하는 자는 식품의약품안전청장이 정한 건강기능식품 표시·광고심의기준, 방법 및 절차에 따라 심의를 받아야 한다.\n2.   ② 식품의약품안전청장은 제1항의 규정에 의한 건강기능식품의 기능성표시·광고심의에 관한 업무를 제28조의 규정에 의하여 설립된 단체에 위탁할 수 있다.\n\n###### 제17조(표시기준)\n\n1.   ① 건강기능식품의 용기·포장에는 다음 각호의 사항을 표시하여야 한다. <개정 2006.10.4>\n    1.   1. 건강기능식품이라는 문자 또는 건강기능식품임을 나타내는 도형\n    2.   2. 기능성분 또는 영양소 및 그 영양권장량에 대한 비율(영양권장량이 설정된 것에 한한다)\n    3.   3. 섭취량 및 섭취방법, 섭취시 주의사항\n    4.   4. 유통기한 및 보관방법\n    5.   5. 질병의 예방 및 치료를 위한 의약품이 아니라는 내용의 표현\n    6.   6. 그 밖에 식품의약품안전청장이 정하는 사항\n\n2.   ② 제1항의 규정에 의한 표시방법 등에 관하여 필요한 사항은 식품의약품안전청장이 정하여 고시한다.\n\n###### 제23조(위해 건강기능식품 등의 판매 등의 금지)\n\n다음 각호의 1에 해당하는 건강기능식품은 이를 판매하거나 판매할 목적으로 제조·수입·사용·저장 또는 운반하거나 진열하지 못한다.\n\n1.   1. 썩었거나 상한 것으로서 인체의 건강을 해할 우려가 있는 것\n2.   2. 유독·유해물질이 들어 있거나 묻어 있는 것 또는 그 염려가 있는 것. 다만, 인체의 건강을 해할 우려가 없다고 식품의약품안전청장이 인정하는 것은 예외로 한다.\n3.   3. 병원미생물에 오염되었거나 그 염려가 있어 인체의 건강을 해할 우려가 있는 것\n4.   4. 불결하거나 다른 물질의 혼입 또는 첨가 그 밖의 사유로 인체의 건강을 해할 우려가 있는 것\n5.   5. 제5조제1항의 규정에 의하여 영업허가를 받아야 하는 경우에 허가를 받지 아니한 자가 제조한 것\n6.   6. 수입이 금지된 것 또는 제8조의 규정에 의하여 수입신고를 하여야 하는 경우에 신고를 하지 아니하고 수입한 것\n\n###### 제24조(기준ㆍ규격 위반 건강기능식품의 판매 등의 금지)\n\n1.   ① 영업자는 제14조제1항 및 제2항의 규정에 의하여 기준과 규격이 정하여진 건강기능식품을 그 기준에 의하여 제조·사용·보존하여야 하며, 그 기준과 규격에 맞지 아니하는 건강기능식품을 판매하거나 판매의 목적으로 제조·수입·사용·저장·운반·보존 또는 진열하여서는 아니된다.\n2.   ②영업자는 의약품의 용도로만 사용되는 원료를 사용하거나 배합·혼합비율·함량이 의약품과 같거나 유사한 건강기능식품을 제조하거나 그러한 건강기능식품을 수입·판매 또는 진열하여서는 아니된다.\n3.   ③제2항의 규정에 의한 의약품의 용도로만 사용되는 원료 및 유사한 건강기능식품 등에 관한 구체적인 기준과 범위는 식품의약품안전청장이 정한다.\n\n###### 제25조(표시기준 위반 건강기능식품의 판매 등의 금지)\n\n영업자는 제17조의 규정에 의한 표시기준을 위반한 건강기능식품을 판매하거나 판매의 목적으로 제조·수입·진열·운반 또는 사용하여서는 아니된다.\n\n###### 제26조(유사표시 등의 금지)\n\n건강기능식품이 아닌 것은 그 용기·포장에 인체의 구조 및 기능에 대한 식품영양학적·생리학적 기능 및 작용 등이 있는 것으로 오인될 우려가 있는 표시를 하거나 이와 같은 내용의 광고를 하여서는 아니되며, 이와 같은 건강기능식품과 유사하게 표시되거나 광고되는 것을 판매하거나 판매의 목적으로 저장 또는 진열하여서는 아니된다.\n\n###### 제43조(벌칙)\n\n제5조제1항 및 제23조의 규정을 위반한 자는 7년 이하의 징역 또는 1억원 이하의 벌금에 처한다. 이 경우 징역과 벌금을 병과할 수 있다.\n\n###### 제44조(벌칙)\n\n다음 각호의 1에 해당하는 자는 5년 이하의 징역 또는 5천만원 이하의 벌금에 처한다. 이 경우 징역과 벌금을 병과할 수 있다.\n\n1.   1. 제6조제1항 또는 제2항의 규정에 의한 영업신고를 하지 아니하고 영업을 한 자\n2.   2. 제7조제1항 전단의 규정에 의한 품목제조신고를 하지 아니하고 제품을 제조·판매한 자\n3.   3. ~ 6. 생략\n4.   7. 제24조 내지 제26조의 규정에 위반하여 판매 등을 한 자\n5.   8.. 9. 생략\n\n###### 제45조(벌칙)\n\n다음 각호의 1에 해당하는 자는 3년 이하의 징역 또는 3천만원 이하의 벌금에 처한다.\n\n1.   1. 제4조의 규정에 의한 시설기준을 위반한 영업자\n2.   2., 3. 생략\n3.   4. 제12조제1항의 규정에 의한 품질관리인을 고용하지 아니한 자\n4.   5. ~ 8. 생략\n\n※ 상기 내용엔 생략된 조항이 있을 수 있으며 현재 시행중인 내용이 아닐 수 있습니다. 법령 전문 및 개정사항, 현재 시행 중인 법령은 법제처 국가법령정보센터([https://www.law.go.kr](https://www.law.go.kr/))에서 직접 확인하시기 바랍니다.\n\n##### 화장품\n\n「화장품법」에 의거 화장품을 제조하는 경우에는 식품의약품안전청장에게 신고를 하여야 하며, 기능성 화장품은 품목별로 안전성 및 유효성에 관하여 식품의약품안전청장의 심사를 받아야 합니다.\n\n 화장품을 수입하여 판매하고자 하는 경우, 한국의약품수출입협회장에게 표준통관예정보고서를 제출하고 통관하여야 하며, 제조번호별로 품질검사를 하고 합격된 제품에 한하여 출고를 하여야 합니다.\n\n 멸종위기에 처한 야생 동·식물종의 국제거래에 관한 협약(CITES)에 의한 동·식물 가공품이 함유된 화장품을 제조·수입 또는 국내에 반입하고자 할 경우에는 보건복지부령이 정하는 바에 의하여 식품의약품안전청장의 허가를 받아야 합니다.\n\n‘화장품’이란 인체를 청결·미화하여 매력을 더하고 용모를 밝게 변화시키거나 피부·모발의 건강을 유지 또는 증진하기 위하여 인체에 바르고 문지르거나 뿌리는 등 이와 유사한 방법으로 사용되는 물품으로서 인체에 대한 작용이 경미한 것을 말함\n##### ‘기능성화장품’이란\n\n*   피부의 미백에 도움을 주는 제품\n*   피부의 주름개선에 도움을 주는 제품\n*   피부를 곱게 태워주거나 자외선으로부터 피부를 보호하는데 도움을 주는 제품\n\n##### 화장품 전성분 표시제\n\n2008년 10월 18일부터 시행된 ‘화장품 전성분 표시제’에 따라 화장품의 용기 또는 포장 및 첨부문서에는 당해 화장품 제조에 사용된 모든 성분을 표기하여야 함 ※ 화장품 제조에 사용된 성분의 기재 표시방법은 「화장품법 시행규칙 [별표 2의2] 화장품 제조에 사용된 성분의 기재·표시 방법(제13조제5항제1호 관련)」 참고\n\n##### 판매가 금지되는 화장품\n\n*   심사를 받지 않거나 보고서를 제출하지 아니한 기능성 화장품\n*   전부 또는 일부가 변패, 병원 미생물 오염, 이물이 혼입되었거나 부착된 화장품\n*   화장품에 사용할 수 없는 원료를 사용하였거나 유통화장품 안전관리 기주에 적합하지 아니한 화장품\n*   코뿔소 뿔 또는 호랑이 뼈와 그 추출물을 사용한 화장품\n*   등록한 제조판매업자가 아닌 자가 제조(위탁하여 제조하는 경우를 포함)·수입하여 판매한 화장품\n*   화장품 기재·표시를 위반한 화장품 또는 의약품으로 잘못 인식할 우려가 있게 기재·표시된 화장품\n*   판매의 목적이 아닌 제품의 홍보·판매촉진 등을 위하여 미리 소비자가 시험·사용하도록 제조 또는 수입된 화장품\n*   화장품의 포장 및 기재·표시 사항을 훼손 또는 위조·변조한 화장품\n\n[관련 법령 보기](https://safety.smartstore.naver.com/main/rules/safety/care#)\n\n##### 화장품법| 법률 제10219호, 2010. 3.31, 타법개정\n\n###### 제3조(제조판매업의 등록 등)\n\n1.   ① 화장품의 전부 또는 일부(포장 또는 표시만의 공정을 포함한다)를 제조하려는 자(이하 \"제조업자\"라 한다)와 그 제조(위탁하여 제조하는 경우를 포함한다)한 화장품 또는 수입한 화장품을 유통·판매하거나 수입대행형 거래를 목적으로 알선·수여하려는 자(이하 \"제조판매업자\"라 한다)는 보건복지부령으로 정하는 바에 따라 각각 식품의약품안전청장에게 등록하여야 한다. 등록한 사항 중 보건복지부령으로 정하는 중요한 사항을 변경할 때에도 또한 같다. \n2.   ② 생략\n3.   ③ 제1항에 따라 등록을 하려는 제조업자는 보건복지부령으로 정하는 바에 따라 적합한 시설을 갖추어야 한다. 다만, 화장품의 일부 공정만을 제조하는 등 보건복지부령으로 정하는 경우에 해당하는 때에는 시설의 일부를 갖추지 아니할 수 있다.\n4.   ④ 제1항에 따른 제조판매업자가 제조판매업을 등록하려고 할 때에는 보건복지부령으로 정하는 화장품의 품질관리 및 제조판매 후 안전관리에 적합한 기준을 갖추어야 하며, 이를 관리할 수 있는 관리자(이하 \"제조판매관리자\"라 한다)를 두어야 한다.\n5.   ⑤ 제1항부터 제4항까지의 규정에 따른 등록 등에 관한 절차 또는 제조판매관리자의 자격기준과 직무 등에 관하여 필요한 사항은 보건복지부령으로 정한다.\n\n###### 제4조(기능성화장품의 심사 등)\n\n1.   ① 기능성화장품을 제조 또는 수입하여 판매하려는 제조판매업자는 품목별로 안전성 및 유효성에 관하여 식품의약품안전청장의 심사를 받거나 식품의약품안전청장에게 보고서를 제출하여야 한다. 심사받은 사항을 변경하고자 할 때에도 또한 같다.\n2.   ② 제1항에 따른 유효성에 관한 심사는 제2조제2호 각 목에 규정된 효능·효과에 한하여 실시한다.\n3.   ③ 제1항에 따른 심사를 받으려는 자는 보건복지부령으로 정하는 바에 따라 그 심사에 필요한 자료를 식품의약품안전청장에게 제출하여야 한다.\n4.   ④ 제1항 및 제2항에 따른 심사 또는 보고서 제출의 대상과 절차 등에 관하여 필요한 사항은 보건복지부령으로 정한다.\n\n###### 제5조(제조판매업자 등의 의무 등)\n\n1.   ① 제조판매업자는 화장품의 품질관리, 제조판매 후 안전관리, 그 밖에 제조판매에 관하여 보건복지부령으로 정하는 사항을 준수하여야 한다.\n2.   ② 제조업자는 화장품의 제조에 관하여 보건복지부령으로 정하는 사항을 준수하여야 한다.\n3.   ③ 제조판매업자는 보건복지부령으로 정하는 바에 따라 화장품의 생산실적 또는 수입실적, 화장품의 제조과정에 사용된 원료의 목록 등을 식품의약품안전청장에게 보고하여야 한다.\n4.   ④ 식품의약품안전청장은 국민 건강상 위해를 방지하기 위하여 필요하다고 인정하면 제조업자, 제조판매업자 및 제조판매관리자에게 화장품의 안전성 확보 및 품질관리에 관한 교육을 받을 것을 명할 수 있다.\n5.   ⑤ 제4항에 따른 교육의 실시 기관, 내용 및 대상 등에 관하여 필요한 사항은 보건복지부령으로 정한다.\n\n###### 제7조(멸종위기에 처한 야생 동식물의 국제무역 등)\n\n「 멸종위기에 처한 야생동식물종의 국제거래에 관한 협약」에 따른 동식물 가공품이 포함되어 있는 화장품이나 화장품 원료를 수입 또는 국내에 반입하거나 수출하고자 하는 자는 보건복지부령으로 정하는 바에 따라 식품의약품안전청장의 허가를 받아야 한다.\n\n###### 제10조(화장품의 기재사항)\n\n1.   ① 화장품의 1차 포장 또는 2차 포장에는 보건복지부령으로 정하는 바에 따라 다음 각 호의 사항을 기재·표시하여야 한다. 다만, 보건복지부령으로 정하는 포장에는 화장품의 명칭과 제조판매업자의 상호 및 가격만을 기재·표시할 수 있다. \n    1.   1. 화장품의 명칭\n    2.   2. 제조업자 및 제조판매업자의 상호 및 주소\n    3.   3. 해당 화장품 제조에 사용된 모든 성분(인체에 무해한 소량 함유 성분 등 보건복지부령으로 정하는 성분은 제외한다)\n    4.   4. 내용물의 용량 또는 중량\n    5.   5. 제조번호\n    6.   6. 사용기한 또는 개봉 후 사용기간(개봉 후 사용기간을 기재할 경우에는 제조연월일을 병행 표기하여야 한다. 이하 제2항제4호에서 같다)\n    7.   7. 가격\n    8.   8. 기능성화장품의 경우 \"기능성화장품\"이라는 글자\n    9.   9. 사용할 때의 주의사항\n    10.   10. 그 밖에 보건복지부령으로 정하는 사항\n\n2.   ① 화장품의 1차 포장 또는 2차 포장에는 보건복지부령으로 정하는 바에 따라 다음 각 호의 사항을 기재·표시하여야 한다. 다만, 보건복지부령으로 정하는 포장에는 화장품의 명칭과 제조판매업자의 상호 및 가격만을 기재·표시할 수 있다. \n    1.   1. 화장품의 명칭\n    2.   2. 제조업자 및 제조판매업자의 상호\n    3.   3. 제조번호\n    4.   4. 사용기한 또는 개봉 후 사용기간\n\n3.   ③ 제1항에 따른 기재사항을 화장품의 용기 또는 포장에 표시할 때 제품의 명칭, 제조업자 및 제조판매업자의 상호는 시각장애인을 위한 점자 표시를 병행할 수 있다.\n4.   ④ 제1항 및 제2항에 따른 표시기준과 표시방법 등은 보건복지부령으로 정한다.\n\n###### 제11조(화장품의 가격표시)\n\n1.   ① 제10조제1항제7호에 따른 가격은 소비자에게 화장품을 직접 판매하는 자(이하 \"판매자\"라 한다)가 판매하려는 가격을 표시하여야 한다.\n2.   ② 제1항에 따른 표시방법과 그 밖에 필요한 사항은 보건복지부령으로 정한다.\n\n###### 제12조(기재·표시상의 주의)\n\n제10조 및 제11조에 따른 기재·표시는 다른 문자 또는 문장보다 쉽게 볼 수 있는 곳에 하여야 하며, 보건복지부령으로 정하는 바에 따라 읽기 쉽고 이해하기 쉬운 한글로 정확히 기재·표시하여야 하되, 한자 또는 외국어를 함께 기재할 수 있다.\n\n###### 제15조(제조판매의 금지)\n\n누구든지 다음 각 호의 어느 하나에 해당하는 화장품을 판매하거나 판매할 목적으로 제조·수입·보관 또는 진열하여서는 아니 된다.\n\n1.   1. 제4조에 따른 심사를 받지 아니하거나 보고서를 제출하지 아니한 기능성화장품\n2.   2. 전부 또는 일부가 변패(變敗)된 화장품\n3.   3. 병원미생물에 오염된 화장품\n4.   4. 이물이 혼입되었거나 부착된 것\n5.   5. 제8조제1항 또는 제2항에 따른 화장품에 사용할 수 없는 원료를 사용하였거나 같은 조 제5항에 따른 유통화장품 안전관리 기준에 적합하지 아니한 화장품\n6.   6. 코뿔소 뿔 또는 호랑이 뼈와 그 추출물을 사용한 화장품\n7.   7. 보건위생상 위해가 발생할 우려가 있는 비위생적인 조건에서 제조되었거나 제3조제3항에 따른 시설기준에 적합하지 아니한 시설에서 제조된 것\n8.   8. 용기나 포장이 불량하여 해당 화장품이 보건위생상 위해를 발생할 우려가 있는 것\n9.   9. 제10조제1항제6호에 따른 사용기한 또는 개봉 후 사용기간(병행 표기된 제조연월일을 포함한다)을 위조·변조한 화장품\n\n###### 제16조(판매 등의 금지)\n\n1.   ① 누구든지 다음 각 호의 어느 하나에 해당하는 화장품을 판매하거나 판매할 목적으로 보관 또는 진열하여서는 아니 된다. 다만, 제3호의 경우에는 소비자에게 판매하는 화장품에 한한다. \n    1.   1. 등록한 제조판매업자가 아닌 자가 제조(위탁하여 제조하는 경우를 포함한다)·수입하여 판매한 화장품\n    2.   2. 제10조부터 제12조까지에 위반되는 화장품 또는 의약품으로 잘못 인식할 우려가 있게 기재·표시된 화장품\n    3.   3. 판매의 목적이 아닌 제품의 홍보·판매촉진 등을 위하여 미리 소비자가 시험·사용하도록 제조 또는 수입된 화장품\n    4.   4. 화장품의 포장 및 기재·표시 사항을 훼손 또는 위조·변조한 것\n\n2.   ② 누구든지 화장품의 용기에 담은 내용물을 나누어 판매하여서는 아니 된다.\n\n###### 제35조(벌칙)\n\n1.   ① 제7조를 위반한 자는 5년 이하의 징역 또는 2천만원 이하의 벌금에 처한다.\n2.   ② 제1항의 징역형과 벌금형은 이를 함께 부과할 수 있다.\n\n###### 제36조(벌칙)\n\n1.   ① 다음 각 호의 어느 하나에 해당하는 자는 3년 이하의 징역 또는 1천만원 이하의 벌금에 처한다. \n    1.   1. 제3조제1항 전단을 위반한 자\n    2.   2. 제4조제1항 전단을 위반한 자\n    3.   3. 제15조를 위반한 자\n    4.   4. 제16조제1항제1호 또는 제4호를 위반한 자\n\n2.   ② 제1항의 징역형과 벌금형은 이를 함께 부과할 수 있다.\n\n##### 화장품법 시행규칙| 보건복지부령 제50호, 2011. 4. 7, 타법개정\n\n###### 제13조(용기 등의 기재·표시사항)\n\n1.   ① 법 제10조제1항 단서에 따라 다음 각 호에 해당하는 용기 또는 포장은 명칭, 상호 및 가격만을 기재·표시할 수 있다. 다만, 견본이나 비매품의 표시가 있는 화장품의 경우에는 가격을 기재하지 아니할 수 있다. \n    1.   1. 내용량이 15밀리리터 이하 또는 15그램 이하인 화장품의 용기 또는 포장\n    2.   2. 판매의 목적이 아닌 제품 선택 등을 위하여 미리 소비자가 시험·사용하도록 제조 또는 수입된 화장품의 용기 또는 포장\n\n2.   ② 법 제10조제1항제3호에 따라 기재·표시를 생략할 수 있는 해당 화장품의 제조에 사용된 성분이란 다음 각 호의 성분을 말한다. \n    1.   1. 제조과정 중에 제거되어 최종 제품에는 남아 있지 않은 성분\n    2.   2. 안정화제, 보존제 등 원료 자체에 들어 있는 부수 성분으로서 그 효과를 나타나게 하는 양보다 적은 양이 들어 있는 성분\n    3.   3. 내용량이 50밀리리터 이하 또는 50그램 이하인 화장품의 용기 또는 포장(제1항제1호의 용기 또는 포장을 제외한다)인 경우에는 다음 각 목의 성분을 제외한 성분 \n        *   가. 타르색소\n        *   나. 금박\n        *   다. 샴푸와 린스에 들어 있는 인산염의 종류\n        *   라. 과일산(AHA)\n        *   마. 기능성화장품의 경우 그 효능·효과를 나타나게 하는 원료\n        *   바. 식품의약품안전청장이 배합 한도를 고시한 화장품의 원료\n\n3.   ③ 제조업자 또는 수입자는 제1항 및 제2항제3호에 따라 해당 화장품의 제조에 사용된 성분의 기재·표시를 생략하려는 경우에는 다음 각 호의 어느 하나에 해당하는 방법으로 생략된 성분을 확인할 수 있도록 하여야 한다. \n    1.   1. 소비자가 법 제10조제1항제3호에 따른 모든 성분을 즉시 확인할 수 있도록 용기 또는 포장에 전화번호나 홈페이지 주소를 적을 것\n    2.   2. 법 제10조제1항제3호에 따른 모든 성분이 적힌 책자 등의 인쇄물을 판매업소에 늘 갖추어 둘 것\n\n4.   ④ 법 제10조제1항제9호에 따라 화장품의 용기 또는 포장에 기재하여야 하는 사항은 다음과 같다. <개정 2010.3.19>\n    1.   1. 성분명을 제품 명칭의 일부로 사용한 경우에는 그 성분명과 함량(방향용 제품을 제외한다)\n    2.   2. 기능성화장품의 경우에는 심사받은 효능·효과, 용법·용량 및 사용상의 주의사항. 다만, 제6조제7항 각 호에 따른 기능성화장품인 경우에는 다음 각 목의 구분에 따른 사항 \n        1.   가. 제6조제7항제1호의 기능성화장품: 식품의약품안전청장이 법 제9조에 따라 고시한 효능·효과와 용법·용량 및 별표 2에 따른 사용상의 주의사항\n        2.   나. 제6조제7항제2호의 기능성화장품: 같은 업소에서 이미 심사를 받은 품목의 효능·효과, 용법·용량 및 사용상의 주의사항\n\n    3.   3. 기능성화장품이 아닌 경우에는 별표 2에 따른 사용상의 주의사항\n    4.   4. 보건복지부장관이 정하는 바코드\n    5.   5. 제2항제3호나목의 금박의 경우에는 그 함량\n    6.   6. 제2항제3호다목의 샴푸와 린스에 들어 있는 인산염의 경우에는 그 함량\n    7.   7. 제2항제3호라목의 과일산 성분이 10퍼센트 넘게 들어 있는 경우에는 그 함량\n    8.   8. 수입화장품인 경우에는 제조국의 명칭, 제조회사명 및 그 주소\n    9.   9. 수입자와 수입화장품의 판매자가 다른 경우에는 판매자의 상호 및 그 주소\n\n5.   ⑤ 법 제10조제3항에 따라 해당 화장품의 용기 또는 포장 및 첨부문서에 기재·표시하는 방법은 다음 각 호의 구분에 따른다.\n\n<개정 2010.3.19>\n    1.   1. 해당 화장품의 제조에 사용된 성분을 용기 또는 포장 및 첨부분서(첨부문서가 있는 경우만 해당한다)에 기재·표시하는 방법은 별표 2의2와 같다.\n    2.   2. 해당 화장품을 소비자에게 직접 판매하려는 자는 그 제품의 용기나 포장에 판매하려는 가격을 일반 소비자가 알기 쉬운 방법으로 표시하되, 그 세부적인 표시방법은 보건복지부장관이 정하여 고시한다.\n\n[전문개정 2008.9.11]\n\n###### 제14조(기재·표시상의 주의사항)\n\n법 제11조의 규정에 의한 화장품의 용기나 포장 또는 첨부문서의 기재·표시상의 준수사항은 다음 각호와 같다.\n\n1.   1. 한글로 읽기 쉽도록 기재하되, 한자 또는 외국어를 함께 기재할 수 있다. 다만, 수출용 제품 등에 있어서는 그 수출 대상국의 언어로 기재할 수 있다.\n2.   2. 화장품의 원료성분을 표시하는 때에는 일반명(법 제9조의 규정에 의하여 식품의약품안전청장이 정하여 고시한 품질 등에 관한 규격 기준의 영문명을 포함한다)을 사용하여야 한다.\n\n##### 화장품법 시행규칙 [별표 2의2] 화장품 제조에 사용된 성분의 기재·표시 방법(제13조제5항제1호 관련)\n\n| 신설 2008. 9.11\n\n1.   1. 글자의 크기는 5포인트 이상으로 한다.\n2.   2. 화장품의 제조에 사용된 함량이 많은 것부터 기재·표시한다. 다만, 1퍼센트 이하로 사용된 성분, 착향제 또는 착색제는 순서에 상관 없이 기재할 수 있다.\n3.   3. 혼합원료는 혼합된 개별 성분의 명칭을 기재·표시한다.\n4.   4. 색조화장용 제품류, 눈화장용 제품류, 염모용 제품류 또는 손발톱용 제품류에서 호수별로 착색제가 다르게 사용된 경우 ‘± 또는 +/-’의 표시 다음에 사용된 모든 착색제 성분을 함께 기재·표시할 수 있다.\n5.   5. 착향제는 ‘향료’로 표시할 수 있다. 다만, 식품의약품안전청장은 착향제의 구성 성분 중 알레르기 유발물질로 알려져 있는 성분이 있는 경우에는 해당 성분의 명칭을 기재·표시하도록 권장할 수 있다.\n6.   6. pH 조절 목적으로 사용되는 성분은 그 성분을 표시하는 대신 중화반응에 따른 생성물로 기재·표시할 수 있다.\n7.   7. 법 제10조제1항제3호에 따른 성분을 기재·표시할 경우 제조업자 또는 수입자의 정당한 이익을 현저히 해할 우려가 있는 때에는 제조업자 또는 수입자는 식품의약품안전청장에게 그 근거 자료를 제출하여야 하고, 식품의약품안전청장이 정당한 이익을 해할 우려가 있다고 인정하는 경우에는 「기타성분」으로 기재·표시할 수 있다.\n\n※ 상기 내용엔 생략된 조항이 있을 수 있으며 현재 시행중인 내용이 아닐 수 있습니다. 법령 전문 및 개정사항, 현재 시행 중인 법령은 법제처 국가법령정보센터([https://www.law.go.kr](https://www.law.go.kr/))에서 직접 확인하시기 바랍니다.\n\n##### 의료기기\n\n「의료기기법」에 의거 의료기기를 제조 또는 수입하고자 하는 경우에는 식품의약품안전청장의 허가를 받아야 하며, 판매 또는 임대를 하고자 하는 경우에는 영업소 소재지의 시장∙군수 또는 구청장에게 판매업 또는 임대업신고를 하여야 합니다. ※ 임신조절용 의료기기(콘돔) 및 의료기관 이외의 장소에서 사용되는 자가진단용 의료기기(혈당측정기)는 의료기기 판매업 신고 면제 대상임\n\n‘의료기기’란 사람이나 동물에게 단독 또는 조합하여 사용되는 기구·기계·장치·재료 또는 이와 유사한 제품으로서 다음 각 호의 어느 하나에 해당하는 제품을 말함(단,「약사법」에 따른 의약품과 의약외품 및 「장애인복지법」 제65조에 따른 장애인보조기구 중 의지(義肢)·보조기(補助器)는 제외)\n*   질병을 진단·치료·경감·처치 또는 예방할 목적으로 사용되는 제품\n*   상해(傷害) 또는 장애를 진단·치료·경감 또는 보정할 목적으로 사용되는 제품\n*   구조 또는 기능을 검사·대체 또는 변형할 목적으로 사용되는 제품\n*   임신을 조절할 목적으로 사용되는 제품\n\n##### 의료기기 광고 사전 심의\n\n의료기기를 판매하고자 하는 경우 광고하기 이전에 해당 광고물에 대해 [의료기기광고사전심의위원회](http://adv.kmdia.or.kr/adv/main.asp)의 심의를 받아야 함\n\n (판매업 신고 면제 대상 의료기기도 광고심의 대상에는 포함됨)\n\n[관련 법령 보기](https://safety.smartstore.naver.com/main/rules/safety/care#)\n\n##### 의료기기법| 법률 제10564호, 2011. 4. 7, 전부개정\n\n###### 제6조(제조업의 허가 등)\n\n1.   ① 의료기기의 제조를 업으로 하려는 자는 제조소별로 식품의약품안전청장의 제조업허가를 받아야 한다. 다만, 다음 각 호의 어느 하나에 해당하는 자는 제조업허가를 받을 수 없다. \n    1.   1. 「정신보건법」 제3조제1호에 따른 정신질환자. 다만, 전문의가 제조업자로서 적합하다고 인정하는 사람은 그러하지 아니하다.\n    2.   2. 금치산자·한정치산자 또는 파산선고를 받은 자로서 복권되지 아니한 자\n    3.   3. 마약이나 그 밖의 유독물질의 중독자\n    4.   4. 이 법을 위반하여 금고 이상의 형을 선고받고 그 집행이 끝나지 아니하거나 그 집행을 받지 아니하기로 확정되지 아니한 자\n    5.   5. 이 법을 위반하여 제조업허가가 취소된 날부터 1년이 지나지 아니한 자\n\n2.   ② 제1항 본문에 따라 제조업허가를 받은 자(이하 \"제조업자\"라 한다)는 제조하려는 의료기기에 대하여 다음 각 호의 구분에 따라 제조허가를 받거나 제조신고를 하여야 한다. \n    1.   1. 인체에 미치는 잠재적 위해성이 낮아 고장이나 이상이 발생하더라도 생명이나 건강에 위해를 줄 우려가 거의 없는 의료기기로서 식품의약품안전청장이 정하여 고시하는 의료기기 : 품목류별 제조허가 또는 제조신고\n    2.   2. 제1호 외의 의료기기: 품목별 제조허가 또는 제조신고\n\n3.   ③ 제1항 본문에 따른 제조업허가를 신청할 때에는 제2항 각 호에 따른 1개 이상의 제조허가를 함께 신청하거나 1개 이상의 제조신고를 함께 하여야 한다.\n4.   ④ 제1항에 따라 제조업허가를 받으려는 자 및 제2항에 따라 제조허가를 받거나 제조신고를 하려는 자는 보건복지부령으로 정하는 바에 따라 시설 및 품질관리체계를 갖추어야 한다. 다만, 품질관리를 위한 시험을 위탁하는 등 보건복지부령으로 정하는 경우에는 그러하지 아니하다.\n5.   ⑤ 제조업자는 제2항에 따라 제조허가를 받거나 제조신고를 하려는 경우에는 보건복지부령으로 정하는 바에 따라 기술문서, 임상시험자료 등 필요한 자료를 식품의약품안전청장에게 제출하여야 한다.\n6.   ⑥ 의약품 또는 의약외품과 의료기기가 조합되거나 복합 구성된 것으로서 그 주된 기능이 의약품 또는 의약외품에 해당하여 「약사법」 제31조제2항에 따라 이미 제조판매품목허가를 받거나 제조판매품목신고를 한 때에는 제2항에 따라 제조허가를 받거나 제조신고를 한 것으로 본다.\n7.   ⑦ 제1항 본문에 따른 제조업허가와 제2항에 따른 제조허가 또는 제조신고의 대상·절차·기준·조건 및 관리 등에 관하여 필요한 사항은 보건복지부령으로 정한다.\n\n###### 제15조(수입업허가 등)\n\n1.   ① 의료기기의 수입을 업으로 하려는 자는 식품의약품안전청장의 수입업허가를 받아야 한다.\n2.   ② 제1항에 따라 수입업허가를 받은 자(이하 \"수입업자\"라 한다)는 수입하려는 의료기기에 대하여 다음 각 호의 구분에 따라 수입허가를 받거나 수입신고를 하여야 한다. \n    1.   1. 인체에 미치는 잠재적 위해성이 낮아 고장이나 이상이 발생하더라도 생명이나 건강에 위해를 줄 우려가 거의 없는 의료기기로서 식품의약품안전청장이 정하여 고시하는 의료기기 : 품목류별 수입허가 또는 수입신고\n    2.   2. 제1호 외의 의료기기 : 품목별 수입허가 또는 수입신고\n\n3.   ③ 제1항에 따른 수입업허가를 신청할 때에는 제2항 각 호에 따른 1개 이상의 수입허가를 함께 신청하거나 1개 이상의 수입신고를 함께 하여야 한다.\n4.   ④ 제1항에 따라 수입업허가를 받으려는 자 및 제2항에 따라 수입허가를 받거나 수입신고를 하려는 자는 보건복지부령으로 정하는 바에 따라 품질검사를 위한 시설 및 품질관리체계를 갖추어야 한다. 다만, 품질관리를 위한 시험을 위탁하는 등 보건복지부령으로 정하는 경우에는 그러하지 아니하다.\n5.   ⑤ 의약품 또는 의약외품과 의료기기가 조합되거나 복합 구성된 것으로서 그 주된 기능이 의약품 또는 의약외품에 해당하여 「약사법」 제42조제1항에 따라 이미 수입품목허가를 받거나 수입품목신고를 한 때에는 제2항에 따라 수입허가를 받거나 수입신고를 한 것으로 본다.\n6.   ⑥ 제1항부터 제5항까지의 규정에 따라 수입되는 의료기기 또는 그 수입업자에 대하여는 제6조제1항 단서, 같은 조 제5항·제7항, 제7조부터 제9조까지 및 제11조부터 제14조까지의 규정을 준용한다. 이 경우 “제조”는 “수입”으로, \"제조업허가\"는 \"수입업허가\"로, \"제조허가\"는 \"수입허가\"로, \"제조신고\"는 \"수입신고\"로, \"생산관리\"는 \"수입관리\"로, \"제조업자\"는 \"수입업자\"로 각각 본다. \n\n###### 제17조(판매업 등의 신고)\n\n1.   ① 의료기기의 판매를 업으로 하려는 자(이하 \"판매업자\"라 한다) 또는 임대를 업으로 하려는 자(이하 \"임대업자\"라 한다)는 영업소마다 보건복지부령으로 정하는 바에 따라 영업소 소재지의 특별자치도지사, 시장·군수·구청장(자치구의 구청장을 말한다. 이하 같다)에게 판매업신고 또는 임대업신고를 하여야 한다.\n2.   ② 다음 각 호의 어느 하나에 해당하는 경우에는 제1항에 따른 신고를 하지 아니할 수 있다. \n    1.   1. 의료기기의 제조업자나 수입업자가 그 제조하거나 수입한 의료기기를 의료기기취급자에게 판매하거나 임대하는 경우\n    2.   2. 제1항에 따른 판매업신고를 한 자가 임대업을 하는 경우\n    3.   3. 약국 개설자나 의약품 도매상이 의료기기를 판매하거나 임대하는 경우\n    4.   4. 보건복지부령으로 정하는 임신조절용 의료기기 및 의료기관 외의 장소에서 사용되는 자가진단용 의료기기를\n\n 판매하는 경우\n\n3.   ③ 제1항에 따른 신고에 대하여는 제6조제1항제2호·제4호·제5호, 제12조 및 제14조를 준용한다. 이 경우 \"제조\"는 \"판매 또는 임대\"로, \"제조업허가\"는 \"판매업신고 또는 임대업신고\"로, \"제조업자\"는 \"판매업자 또는 임대업자\"로 각각 본다. \n\n###### 제20조(용기 등의 기재사항)\n\n의료기기의 용기나 외장(外裝)에는 다음 각 호의 사항을 적어야 한다. 다만, 보건복지부령으로 정하는 용기나 외장의 경우에는 그러하지 아니하다.\n\n1.   1. 제조업자 또는 수입업자의 상호와 주소\n2.   2. 수입품의 경우는 제조원(제조국 및 제조사명)\n3.   3. 품목명, 형명(型名), 허가(신고)번호\n4.   4. 제조번호와 제조 연월(사용기한이 있는 경우에는 제조 연월 대신에 사용기한을 적을 수 있다)\n5.   5. 중량 또는 포장단위\n6.   6. \"의료기기\"라는 표시\n\n###### 제25조(광고의 심의)\n\n1.   ① 의료기기를 광고하려는 자는 식품의약품안전청장이 정한 심의기준·방법 및 절차에 따라 미리 식품의약품안전청장의 심의를 받아야 한다.\n2.   ② 식품의약품안전청장은 제1항에 따른 심의에 관한 업무를 보건복지부령으로 정하는 단체에 위탁할 수 있다.\n\n###### 제26조(일반행위의 금지)\n\n1.   ① 누구든지 제6조제2항 또는 제15조제2항에 따라 허가를 받지 아니하거나 신고를 하지 아니한 의료기기를 수리·판매·임대·수여 또는 사용하여서는 아니 되며, 판매·임대·수여 또는 사용할 목적으로 제조·수입·수리·저장 또는 진열하여서는 아니 된다. 다만, 박람회·전람회·전시회 등에서 전시할 목적으로 보건복지부령으로 정하는 절차 및 방법 등에 따라 의료기기를 제조·수입·저장 또는 진열하는 경우에는 그러하지 아니하다. \n2.   ② 누구든지 다음 각 호의 어느 하나에 해당하는 의료기기를 제조·수입·판매 또는 임대하여서는 아니 된다. \n    1.   1. 제6조제2항, 제12조 또는 제15조제2항·제6항에 따라 허가받거나 신고한 내용과 다른 의료기기\n    2.   2. 전부 또는 일부가 불결하거나 병원 미생물에 오염된 물질 또는 변질되거나 부패한 물질로 된 의료기기\n    3.   3. 그 밖에 국민보건에 위해를 끼쳤거나 끼칠 우려가 있는 경우로서 식품의약품안전청장 또는 특별자치도지사, 시장·군수·구청장이 제34조부터 제36조까지의 규정에 따라 폐기·사용중지·허가취소 등을 명한 의료기기\n\n3.   ③ 수리업자는 의료기기를 수리할 때에는 제6조제2항, 제12조 또는 제15조제2항·제6항에 따라 허가받거나 신고한 성능, 구조, 정격(定格), 외관, 치수 등을 변환하여서는 아니 된다.\n4.   ④ 의료기관 개설자 및 동물병원 개설자가 의료기기를 사용할 때에는 제6조제2항, 제12조 또는 제15조제2항·제6항에 따라 허가받거나 신고한 내용과 다르게 변조 또는 개조하여서는 아니 된다. 다만, 제조업자와 수입업자는 그 의료기기가 자기 회사에서 제조 또는 수입한 의료기기로서 보건복지부령으로 정하는 의료기기인 경우에는 제12조 또는 제15조제6항에 따라 변경허가를 받거나 변경신고한 내용대로 변조 또는 개조할 수 있다. \n5.   ⑤ 수리업자·판매업자 또는 임대업자는 다음 각 호의 어느 하나에 해당하는 의료기기를 수리·판매 또는 임대하거나 수리·판매 또는 임대할 목적으로 저장·진열하여서는 아니 된다. \n    1.   1. 제6조제2항, 제12조, 제15조제2항·제6항 또는 제16조제1항에 따라 허가받거나 신고한 내용과 다르게 제조·수입 또는 수리된 의료기기\n    2.   2. 제24조제1항에 위반되는 의료기기\n\n6.   ⑥ 의료기관 개설자는 제10조에 따라 식품의약품안전청장으로부터 임상시험에 관한 승인을 받지 아니한 의료기기를 임상시험에 사용하여서는 아니 된다.\n7.   ⑦ 누구든지 의료기기가 아닌 것의 외장·포장 또는 첨부문서에 의료기기와 유사한 성능이나 효능 및 효과 등이 있는 것으로 잘못 인식될 우려가 있는 표시를 하거나 이와 같은 내용의 광고를 하여서는 아니 되며, 이와 같이 표시되거나 광고된 것을 판매 또는 임대하거나 판매 또는 임대할 목적으로 저장 또는 진열하여서는 아니 된다.\n\n###### 제51조(벌칙)\n\n1.   ① 제26조제1항을 위반한 자는 5년 이하의 징역 또는 2천만원 이하의 벌금에 처한다.\n2.   ② 제1항의 징역과 벌금은 병과(倂科)할 수 있다.\n\n###### 제52조(벌칙)\n\n1.   ① 다음 각 호의 어느 하나에 해당하는 자는 3년 이하의 징역 또는 1천만원 이하의 벌금에 처한다. \n    1.   1. 제10조제1항·제2항 전단·제4항, 제12조제1항(제15조제6항 및 제16조제4항에서 준용하는 경우를 포함한다), 제13조제1항, 제16조제1항 본문, 제17조제1항, 제24조제1항·제2항, 제26조제2항부터 제7항까지 또는 제45조제2항을 위반한 자\n    2.   2. 제34조제2항에 따라 관계 공무원이 행하는 폐기·봉함·봉인 등 그 밖에 필요한 처분을 거부·방해하거나 기피한 자\n\n2.   ② 제1항의 징역과 벌금은 병과할 수 있다.\n\n###### 제53조(벌칙)\n\n제13조제3항(제15조제6항에서 준용하는 경우를 포함한다) 또는 제18조제2항을 위반한 자는 2년 이하의 징역 또는 3천만원 이하의 벌금에 처한다.\n\n###### 제54조(벌칙)\n\n다음 각 호의 어느 하나에 해당하는 자는 500만원 이하의 벌금에 처한다.\n\n1.   1. 제18조제1항, 제20조부터 제23조까지, 제30조제1항·제2항 또는 제31조제1항을 위반한 자\n2.   2. 제32조제1항 또는 제36조제1항·제2항에 따른 관계 공무원의 출입·수거·폐쇄 또는 그 밖의 처분을 거부·방해하거나 기피한 자\n3.   3. 제33조, 제34조제1항, 제35조 또는 제36조제1항·제2항에 따른 검사, 회수, 폐기, 공표, 사용중지, 업무정지 등의 명령을 위반한 자\n4.   4. 제37조제1항제1호·제2호·제5호에 해당하는 위반행위를 한 자\n\n※ 상기 내용엔 생략된 조항이 있을 수 있으며 현재 시행중인 내용이 아닐 수 있습니다. 법령 전문 및 개정사항, 현재 시행 중인 법령은 법제처 국가법령정보센터([https://www.law.go.kr](https://www.law.go.kr/))에서 직접 확인하시기 바랍니다.\n\n##### 공산품\n\n「품질경영 및 공산품안전관리법」에 의거 소비자의 생명∙신체에 위해, 재산상의 피해 또는 자연환경의 훼손에 대한 우려 등이 있다고 판단되는 공산품은 정부 공인 인증시험기관으로부터 안전인증 및 검사를 받아야 하며, 안전인증 등의 표시를 하여야 합니다. ※ 인증제도에 대한 보다 상세한 내용은 관련법령 및 국가표준인증종합정보센터 홈페이지 [(https://www.standard.go.kr)](https://www.standard.go.kr/)를 참고하여 주시기 바랍니다.\n\n##### 안전관리대상 공산품의 분류\n\n안전관리대상 공산품의 분류| 안전인증대상공산품 | 구조·재질 및 사용방법 등으로 인하여 소비자의 생명·신체에 대한 위해, 재산상 피해 또는 자연환경의 훼손에 대한 우려가 크다고 인정되는 공산품 중에서 안전인증을 통하여 그 위해를 방지할 수 있다고 인정되는 공산품 ※ 세부 공산품 목록은 「품질경영 및 공산품안전관리법 시행규칙 [별표1] 안전인증대상공산품(제2조제1항 관련), 표시 방법은 [별표7] 안전인증표시의 기준과 방법(제17조제1항 관련) 참고 |\n| --- |\n| 자율안전확인대상공산품 | 구조·재질 및 사용방법 등으로 인하여 소비자의 신체에 위해를 초래할 우려가 있는 공산품 중에서 제품검사만으로도 그 위해를 방지할 수 있다고 인정되는 공산품 ※ 세부 공산품 목록은 「품질경영 및 공산품안전관리법 시행규칙 [별표2] 자율안전확인대상공산품(제2조제2항 관련), 표시 방법은 [별표9] 자율안전확인표시의 기준과 방법(제18조제1항 관련) 참고 |\n| 안전·품질표시대상공산품 | 소비자가 취급·사용·운반 등을 하는 과정에서 사고가 발생하거나 위해를 입을 가능성이 있는 공산품과 소비자가 성분·성능·규격 등을 구별하기 곤란한 공산품 ※ 세부 공산품 목록은 「품질경영 및 공산품안전관리법 시행규칙 [별표3] 안전·품질표시대상공산품(제2조제3항 관련), 표시 방법은 [별표10] 안전∙품질표시의 기준과 방법(제24조 관련) 참고 |\n| 어린이보호포장대상공산품 | 소비자가 마시거나 흡입하는 경우에 중독 등의 위해가 우려되는 공산품 중에서 어린이보호포장의 대상이 되는 것 ※ 세부 공산품 목록은 「품질경영 및 공산품안전관리법 시행규칙 [별표4] 어린이보호포장대상공산품(제2조제4항 관련), 표시 방법은 [별표11] 어린이보호포장표시의 기준과 방법(제27조 관련) 참고 |\n\n[관련 법령 보기](https://safety.smartstore.naver.com/main/rules/safety/care#)\n\n##### 품질경영 및 공산품안전관리법| 법률 제10961호, 2011. 7.25, 일부개정\n\n###### 제14조(안전인증 등)\n\n1.   ① 안전인증대상공산품 제조업자(외국에서 제조하여 대한민국으로 수출하려는 자를 포함한다. 이하 같다) 또는 수입업자는 지식경제부령으로 정하는 바에 따라 안전인증기관으로부터 다음 각 호의 구분에 따른 방법으로 그 안전인증대상공산품의 안전인증을 받아야 한다. \n    1.   1. 공산품 모델(지식경제부령으로 정하는 고유한 명칭을 부여한 제품의 형식을 말한다. 이하 같다)에 대하여 안전인증을 받는 경우에는 제품검사와 공장심사를 모두 거칠 것\n    2.   2. 일정 수량만 제조·수입하거나 1회성으로 생산하는 공산품에 대하여만 안전인증을 받는 경우에는 제품검사만을 거칠 것\n\n2.   ② 안전인증대상공산품 제조업자는 안전인증을 받은 사항을 변경하려는 경우에는 지식경제부령으로 정하는 방법 및 절차에 따라 안전인증기관에 안전인증의 변경을 신청하여야 한다.\n3.   ③ ~ ⑥ 생략\n4.   ⑦ 안전인증대상공산품 제조업자는 안전인증을 받은 후 제조되는 안전인증대상공산품에 대하여 지식경제부령으로 정하는 바에 따라 안전성이 유지되고 있는지에 관한 자체검사를 하고 그 기록을 작성·보관하여야 한다.\n5.   ⑧ ~ ⑩ 생략\n\n[전문개정 2011.7.25]\n\n[시행일 : 2012.7.26]제14조제1항제2호\n\n###### 제16조(안전인증의 표시 등)\n\n1.   ① 안전인증대상공산품의 제조업자 또는 외국제조업자는 안전인증을 받은 안전인증대상공산품에 대하여 지식경제부령이 정하는 바에 의하여 안전인증의 표시(이하 \"안전인증표시\"라 한다)를 하여야 한다. 다만, 제15조제1항제1호의 규정에 의하여 안전인증의 전부면제를 받은 경우에는 그러하지 아니하다. <개정 2008.2.29>\n2.   ② 안전인증을 받지 아니한 안전인증대상공산품의 경우에는 안전인증표시 또는 이와 유사한 표시를 하여서는 아니된다.\n3.   ③ 다음 각 호의 어느 하나에 해당하는 자는 안전인증을 받은 안전인증대상공산품의 안전인증표시를 임의로 변경하거나 제거하여서는 아니된다. \n    1.   1. 안전인증대상공산품의 제조업자·외국제조업자·수입업자 및 판매업자\n    2.   2. 안전인증대상공산품을 영업에 사용하는 자(이하 \"영업자\"라 한다)\n\n###### 제17조(판매·사용 등의 금지)\n\n1.   ① 안전인증대상공산품의 제조업자·외국제조업자·수입업자 및 판매업자는 안전인증표시가 없는 안전인증대상공산품을 판매하거나 판매를 목적으로 수입·진열 또는 보관하여서는 아니된다.\n2.   ② 안전인증대상공산품의 영업자는 안전인증표시가 없는 안전인증대상공산품을 영업에 사용하여서는 아니된다.\n\n###### 제19조(자율안전확인대상공산품의 신고 등)\n\n1.   ① 자율안전확인대상공산품의 제조업자 및 수입업자는 지식경제부령이 정하는 바에 의하여 자율안전확인대상공산품의 모델별로 제3항의 규정에 따라 지정된 시험·검사기관으로부터 안전성에 대한 시험·검사를 받아 당해 공산품이 제2항의 규정에 의한 안전기준에 적합한 것임을 스스로 확인(이하 \"자율안전확인\"이라 한다)한 후 이를 지식경제부장관에게 신고하여야 한다. 신고한 사항을 변경하고자 하는 경우에는 변경신고를 하여야 한다. <개정 2008.2.29>\n2.   ② 지식경제부장관은 자율안전확인대상공산품에 관한 안전기준을 정하여 고시하여야 한다. <개정 2008.2.29>\n3.   ③ 지식경제부장관은 「국가표준기본법」 제23조의 규정에 의하여 인정된 시험·검사기관 중에서 자율안전확인대상공산품의 시험·검사기관을 지정하여 공고하여야 한다. <개정 2008.2.29>\n4.   ④, ⑤ 생략\n\n###### 제20조(자율안전확인의 표시 등)\n\n1.   ① 자율안전확인대상공산품 제조업자 및 수입업자는 제19조제1항에 따라 지식경제부장관에게 신고한 자율안전확인대상공산품에 지식경제부령으로 정하는 바에 따라 자율안전확인의 표시(이하 \"자율안전확인표시\"라 한다)를 하여야 한다. 다만, 제19조제7항에 따라 신고를 면제받은 자율안전확인대상공산품의 경우에는 그러하지 아니하다.\n2.   ② 제19조제1항에 따른 신고를 하지 아니한 자율안전확인대상공산품에는 자율안전확인표시 또는 이와 유사한 표시를 하여서는 아니 된다.\n3.   ③ 자율안전확인대상공산품 제조업자, 수입업자, 판매업자 및 영업자는 자율안전확인대상공산품의 자율안전확인표시를 임의로 변경하거나 제거하여서는 아니 된다.\n\n###### 제21조(판매·사용 등의 금지)\n\n1.   ① 자율안전확인대상공산품 제조업자, 수입업자 및 판매업자는 자율안전확인표시가 없는 자율안전확인대상공산품을 판매하거나 판매를 목적으로 수입·진열 또는 보관하여서는 아니 된다.\n2.   ② 자율안전확인대상공산품 영업자는 자율안전확인표시가 없는 자율안전확인대상공산품을 영업에 사용하여서는 아니 된다.\n\n###### 제22조(안전·품질표시대상공산품의 안전·품질표시 등)\n\n1.   ① 안전·품질표시대상공산품의 제조업자 및 수입업자는 안전·품질표시대상공산품에 지식경제부장관이 정하여 고시하는 안전·품질표시기준에 따라 당해 공산품의 안전 및 품질에 관한 표시(이하 \"안전·품질표시\"라 한다)를 하여야 한다. <개정 2008.2.29>\n2.   ② 안전·품질표시대상공산품의 제조업자 및 수입업자는 안전·품질표시를 하지 아니한 안전·품질표시대상공산품을 판매하여서는 아니된다.\n3.   ③ 제1항의 규정에 의한 안전·품질표시의 방법 등에 관하여 필요한 사항은 지식경제부령으로 정한다. <개정 2008.2.29>\n\n###### 제23조(거짓의 안전·품질표시 금지 등)\n\n1.   ① 안전·품질표시대상공산품 제조업자 및 수입업자는 안전·품질표시대상공산품에 거짓으로 안전·품질표시를 하여서는 아니 된다.\n2.   ② 안전·품질표시대상공산품 판매업자는 안전·품질표시대상공산품의 안전·품질표시를 임의로 변경하거나 제거하여서는 아니 된다.\n\n###### 제24조(어린이보호포장대상공산품의 신고 등)\n\n1.   ① 공산품 제조업자 및 수입업자는 어린이보호포장대상공산품을 제조하거나 수입하는 경우에는 어린이보호포장을 사용하여야 한다. 다만, 다음 각 호의 어느 하나에 해당하는 것으로 지식경제부장관의 확인을 받은 경우에는 그러하지 아니하다 \n    1.   1. 공산품 제조업자에게 판매할 목적으로 제조하거나 수입하는 것\n    2.   2. 연구·개발 또는 수출을 목적으로 제조하거나 수입하는 것\n\n2.   ② 어린이보호포장대상공산품 제조업자 및 수입업자는 제1항 각 호 외의 부분 본문에 따라 어린이보호포장을 사용한 경우에는 그 내용을 어린이보호포장대상공산품의 모델별로 지식경제부장관에게 신고하여야 한다. 신고한 사항을 변경하려는 경우에도 또한 같다.\n3.   ③ 지식경제부장관은 어린이보호포장대상공산품에 적용할 안전기준을 정하여 고시하여야 한다.\n\n###### 제25조(어린이보호포장표시 등)\n\n1.   ① 어린이보호포장대상공산품 제조업자 및 수입업자는 제24조제2항에 따른 신고를 한 경우에는 지식경제부령으로 정하는 바에 따라 해당 어린이보호포장대상공산품에 어린이보호포장을 사용하였음을 나타내는 표시(이하 \"어린이보호포장표시\"라 한다)를 하여야 한다.\n2.   ② 제24조제2항에 따른 신고를 하지 아니한 어린이보호포장대상공산품에는 어린이보호포장표시 또는 이와 유사한 표시를 하여서는 아니 된다.\n\n###### 제26조(판매 등의 금지)\n\n어린이보호포장대상공산품 제조업자, 수입업자 및 판매업자는 어린이보호포장표시가 없는 어린이보호포장대상공산품을 판매하거나 판매를 목적으로 수입·진열 또는 보관하여서는 아니 된다.\n\n###### 제27조(사용연령에 따른 판매 제한)\n\n공산품의 판매업자는 안전인증대상공산품, 자율안전확인대상공산품, 안전·품질표시대상공산품, 어린이보호포장대상공산품(이하 \"안전인증대상공산품등\"이라 한다)으로서 당해 안전인증대상공산품등을 사용할 수 있는 어린이의 연령을 제14조제3항·제19조제2항 및 제24조제3항의 규정에 의한 안전기준 또는 제22조제1항의 규정에 의한 안전·품질표시기준에서 정하고 있는 경우에는 그 기준에 맞지 아니하는 어린이에게 이를 판매하여서는 아니된다.\n\n###### 제38조(벌칙)\n\n다음 각 호의 어느 하나에 해당하는 자는 3년 이하의 징역 또는 3천만원 이하의 벌금에 처한다.\n\n1.   1. 거짓 또는 그 밖의 부정한 방법으로 제12조제1항에 따른 안전인증기관의 지정을 받은 자\n2.   2. 제12조제1항에 따라 안전인증기관으로 지정을 받지 아니하고 안전인증을 한 자\n3.   3. 제13조제1항에 따라 안전인증기관의 업무가 정지되어 그 기간 중에 있거나 그 지정이 취소되었음에도 안전인증을 한 자\n4.   4. 제14조제1항을 위반하여 안전인증을 받지 아니하고 안전인증대상공산품을 제조하거나 수입한 제조업자 또는 수입업자\n5.   5. 거짓 또는 그 밖의 부정한 방법으로 제14조제1항에 따른 안전인증을 받은 자\n6.   6. 제16조제2항을 위반하여 안전인증표시 또는 이와 유사한 표시를 한 자\n7.   7. 제20조제2항을 위반하여 자율안전확인표시 또는 이와 유사한 표시를 한 자\n8.   8. 제25조제2항을 위반하여 어린이보호포장표시 또는 이와 유사한 표시를 한 자\n\n###### 제39조(벌칙)\n\n다음 각 호의 어느 하나에 해당하는 자는 1년 이하의 징역 또는 1천만원 이하의 벌금에 처한다.\n\n1.   1. 제14조제3항의 규정을 위반하여 안전인증을 행한 자\n2.   2. 거짓 또는 그 밖의 부정한 방법으로 제15조제1항의 규정에 의한 면제를 받은 자\n3.   3. 제16조제3항의 규정을 위반하여 안전인증표시를 임의로 변경하거나 제거한 자\n4.   4. 제18조제3항의 규정을 위반하여 안전인증을 행한 자\n5.   5. 제19조제1항의 규정에 의한 신고를 하지 아니한 자\n6.   6. 거짓 또는 그 밖의 부정한 방법으로 제19조제5항의 규정에 의한 면제를 받은 자\n7.   7. 제20조제3항의 규정을 위반하여 자율안전확인표시를 임의로 변경하거나 삭제한 자\n8.   8. 제23조제1항의 규정을 위반하여 안전·품질표시를 거짓으로 한 자\n9.   9. 제23조제2항의 규정을 위반하여 안전·품질표시를 임의로 변경하거나 제거한 자\n10.   10. 제24조제1항의 규정을 위반하여 어린이보호포장대상공산품에 어린이보호포장을 하지 아니한 자\n11.   11. 거짓 또는 그 밖의 부정한 방법으로 제24조제1항 단서의 규정에 의한 확인을 받은 자\n\n##### 품질경영 및 공산품안전관리법 시행규칙| 지식경제부령 제207호, 2011.10.19, 타법개정\n\n###### 제2조(안전인증대상공산품의 범위 등)\n\n1.   ① 법 제2조제8호에 따른 안전인증대상공산품은 별표 1과 같다.\n2.   ② 법 제2조제9호에 따른 자율안전확인대상공산품은 별표 2와 같다.\n3.   ③ 법 제2조제10호에 따른 안전·품질표시대상공산품은 별표 3과 같다.\n4.   ④ 법 제2조제12호에 따른 어린이보호포장대상공산품은 별표 4와 같다.\n5.   ⑤ 기술표준원장은 제1항 내지 제4항에 따른 안전인증대상공산품, 자율안전확인대상공산품, 안전·품질표시대상공산품, 어린이보호포장대상공산품의 구체적인 범위를 각각 정하여 고시할 수 있다.\n\n###### 제17조(안전인증표시)\n\n1.   ① 법 제16조제1항에 따른 안전인증표시(이하 \"안전인증표시\"라 한다)의 기준과 방법은 별표 7과 같다.\n2.   ② 국내에서 제조한 안전인증대상공산품에는 출고 전에 안전인증표시를 하고, 외국에서 제조하여 국내로 수입한 안전인증대상공산품에는 통관 전에 안전인증표시를 하여야 한다.\n\n###### 제23조(자율안전확인표시)\n\n1.   ① 법 제20조제1항에 따른 자율안전확인의 표시(이하 \"자율안전확인표시\"라 한다)의 기준과 방법은 별표 9와 같다.\n2.   ② 국내에서 제조하는 자율안전확인대상공산품에는 출고 전에 제1항에 따른 자율안전확인표시를 하고, 외국에서 제조하여 국내로 수입한 자율안전확인대상공산품에는 통관 전에 제1항에 따른 자율안전확인표시를 하여야 한다.\n\n###### 제24조(안전·품질표시의 방법)\n\n법 제22조제1항에 따른 안전·품질표시의 방법은 별표 10과 같다.\n\n###### 제27조(어린이보호포장표시)\n\n법 제25조제1항에 따른 어린이보호포장표시의 기준과 방법은 별표 11과 같다.\n\n※ 상기 내용엔 생략된 조항이 있을 수 있으며 현재 시행중인 내용이 아닐 수 있습니다. 법령 전문 및 개정사항, 현재 시행 중인 법령은 법제처 국가법령정보센터([https://www.law.go.kr](https://www.law.go.kr/))에서 직접 확인하시기 바랍니다.\n\n##### 전기용품\n\n「전기용품안전관리법」에 의거 구조와 사용방법 등으로 인하여 화재·감전 등의 위험 및 장해가 발생할 우려가 크다고 인정되는 전기용품은 안전인증을 받거나 자율안전확인신고를 하여야 하며, 안전인증 및 자율안전확인신고 등의 표시를 하여야 합니다. ※ 인증제도에 대한 보다 상세한 내용은 관련법령 및 국가표준인증종합정보센터 홈페이지 [(https://www.standard.go.kr)](https://www.standard.go.kr/)를 참고하여 주시기 바랍니다.\n\n##### 전기용품 안전관리대상의 분류\n\n전기용품 안전관리대상의 분류| 안전인증대상 전기용품 | 구조와 사용방법 등으로 인하여 화재·감전 등의 위험 및 장해가 발생할 우려가 크다고 인정되는 전기용품 중 안전인증을 통하여 그 위험 및 장해를 방지할 수 있다고 인정되는 전기용품 ※ 세부 전기용품 목록은 「전기용품안전 관리법 시행규칙 [별표2] 안전인증대상전기용품(제3조제1항 관련), 표시 방법은 [별표 7] 안전인증, 자율안전확인신고등 및 공급자적합성확인의 표시등의 표시 방법 (제15조제1항, 제25조제1항 및 제25조의6제1항 관련) 참고 |\n| --- |\n| 자율안전확인대상 전기용품 | 구조·사용방법 등으로 인하여 화재·감전 등의 위험 및 장해가 발생할 우려가 있는 전기용품 중 안전인증기관이 실시하는 제품시험을 통한 안전성확인으로 그 위험 및 장해를 방지할 수 있다고 인정되는 전기용품 ※ 세부 공산품 목록은 「품질경영 및 공산품안전관리법 시행규칙 [별표2] 자율안전확인대상공산품(제2조제2항 관련), 표시 방법은 [별표 7] 안전인증, 자율안전확인신고등 및 공급자적합성확인의 표시등의 표시 방법 (제15조제1항, 제25조제1항 및 제25조의6제1항 관련) 참고 |\n\n[관련 법령 보기](https://safety.smartstore.naver.com/main/rules/safety/care#)\n\n##### 전기용품안전 관리법| 법률 제10494호, 2011. 3.30, 일부개정\n\n###### 제3조(안전인증)\n\n1.   ① 안전인증대상전기용품의 제조를 업으로 하거나 외국에서 제조하여 대한민국으로 수출하려는 자(이하 \"제조업자\"라 한다)는 안전인증기관으로부터 안전인증대상전기용품의 모델(지식경제부령으로 정하는 고유한 명칭을 붙인 제품의 형식을 말한다. 이하 같다)별로 지식경제부령으로 정하는 바에 따라 안전인증을 받아야 한다. \n\n이하 생략\n\n###### 제5조(안전검사)\n\n1.   ① 안전인증대상전기용품에 해당하는 중고 전기용품을 외국에서 수입하여 판매 또는 대여하려는 자는 수입한 중고 전기용품에 대하여 지식경제부령으로 정하는 바에 따라 안전검사를 받아야 한다. 다만, 제3조제1항에 따른 안전인증을 받거나 안전인증의 면제를 받은 경우에는 그러하지 아니하다.\n2.   ② 생략\n\n###### 제6조(안전인증의 표시 등)\n\n1.   ① 안전인증대상전기용품의 제조업자 또는 수입업자는 지식경제부령으로 정하는 바에 따라 해당 전기용품과 그 포장에 다음 각 호의 구분에 따른 표시(이하 “안전인증의 표시등”이라 한다)를 하여야 한다. \n    1.   1. 제3조제1항 각 호 외의 부분 본문에 따른 안전인증을 받은 자는 안전인증의 표시와 제3조제3항에 따른 안전기준에서 정하는 표시\n    2.   2. 제3조제1항 각 호 외의 부분 단서에 따른 안전인증의 면제를 받은 자는 안전인증의 면제표시\n    3.   3. 제5조제1항에 따른 안전검사를 받은 자는 안전검사의 표시와 제5조제2항에 따른 안전검사의 기준에서 정하는 표시\n\n2.   ② 제3조제1항에 따른 안전인증 또는 안전인증의 면제를 받지 아니하거나 제5조제1항에 따른 안전검사를 받지 아니한 자는 안전인증대상전기용품과 그 포장에 안전인증의 표시등을 하거나 이와 비슷한 표시를 하여서는 아니 된다.\n3.   ③ 다음 각 호의 어느 하나에 해당하는 자는 안전인증의 표시등을 임의로 변경하거나 제거하여서는 아니 된다. \n    1.   1. 「전기사업법」 제2조제2호에 따른 전기사업자\n    2.   2. 「전기사업법」 제2조제19호에 따른 자가용전기설비(自家用電氣設備)를 설치하는 자\n    3.   3. 「전기공사업법」 제2조제3호에 따른 공사업자\n    4.   4. 안전인증대상전기용품을 부분품이나 부속품으로 사용하여 전기용품을 제조하는 자\n    5.   5. 안전인증대상전기용품을 수입하거나 판매 또는 대여하는 자(이하 “수입·판매·대여업자”라 한다)\n\n###### 제7조(안전인증의 표시등이 없는 안전인증대상전기용품의 판매·사용 등의 금지)\n\n1.   ① 안전인증대상전기용품의 제조업자와 수입·판매·대여업자는 안전인증의 표시등이 없는 안전인증대상전기용품을 판매·대여하거나 판매·대여할 목적으로 수입·진열 또는 보관하여서는 아니 된다.\n2.   ② 제6조제3항제1호부터 제4호까지의 규정 중 어느 하나에 해당하는 자는 안전인증의 표시등이 없는 안전인증대상전기용품을 사용하여서는 아니 된다.\n3.   ③ 전기용품판매중개업자 및 전기용품구매·수입대행업자는 안전인증의 표시등이 없는 안전인증대상전기용품의 판매를 중개(「전자상거래 등에서의 소비자보호에 관한 법률」에 따른 통신판매중개자가 자신이 운영하는 사이버몰의 이용만 허락하는 경우를 제외한다. 이하 같다)하거나 구매 또는 수입을 대행하여서는 아니 된다\n\n###### 제11조(자율안전확인대상전기용품의 신고 등)\n\n1.   ① 자율안전확인대상전기용품의 제조업자 또는 수입업자는 지식경제부령으로 정하는 바에 따라 자율안전확인대상전기용품 모델별로 안전인증기관으로부터 자율안전확인시험을 받아 해당 전기용품이 제3항에 따른 안전기준에 적합한 것임을 스스로 확인(이하 \"자율안전확인\"이라 한다)한 후 이를 지식경제부장관에게 신고하여야 한다.\n\n이하생략\n\n###### 제12조(안전검사)\n\n1.   ① 자율안전확인대상전기용품에 해당하는 중고 전기용품을 외국에서 수입하여 판매 또는 대여하려는 자는 수입한 중고 전기용품에 대하여 지식경제부령으로 정하는 바에 따라 안전검사를 받아야 한다. 다만, 제11조제1항에 따른 자율안전확인신고등을 하거나 자율안전확인신고등의 면제를 받은 전기용품의 경우에는 그러하지 아니하다.\n2.   ② 제1항에 따른 안전검사의 기준은 제11조제3항에 따른 안전기준을 준용한다.\n\n###### 제13조(자율안전확인신고등의 표시 등)\n\n1.   ① 자율안전확인대상전기용품의 제조업자 또는 수입업자는 지식경제부령으로 정하는 바에 따라 해당 전기용품과 그 포장에 다음 각 호의 구분에 따른 표시(이하 \"자율안전확인신고등의 표시등\"이라 한다)를 하여야 한다. \n    1.   1. 제11조제1항 각 호 외의 부분 본문에 따른 자율안전확인신고등을 한 자는 자율안전확인신고등의 표시와 제11조제3항에 따른 안전기준에서 정하는 표시\n    2.   2. 제11조제1항 각 호 외의 부분 단서에 따른 자율안전확인신고등의 면제를 받은 자는 자율안전확인신고등의 면제표시\n    3.   3. 제12조제1항에 따른 안전검사를 받은 자는 안전검사의 표시와 제12조제2항에 따른 안전검사의 기준에서 정하는 표시\n\n2.   ② 제11조제1항에 따른 자율안전확인신고등을 하지 아니하거나 자율안전확인신고등의 면제를 받지 아니하거나 제12조제1항에 따른 안전검사를 받지 아니한 자는 자율안전확인대상전기용품과 그 포장에 자율안전확인신고등의 표시등을 하거나 이와 비슷한 표시를 하여서는 아니 된다.\n3.   ③ 다음 각 호의 어느 하나에 해당하는 자는 자율안전확인신고등의 표시등을 임의로 변경하거나 제거하여서는 아니 된다. \n    1.   1. 「전기사업법」 제2조제2호에 따른 전기사업자\n    2.   2. 「전기사업법」 제2조제19호에 따른 자가용전기설비를 설치하는 자\n    3.   3. 「전기공사업법」 제2조제3호에 따른 전기공사업자\n    4.   4. 자율안전확인대상전기용품을 부분품이나 부속품으로 사용하여 전기용품을 제조하는 자\n    5.   5. 자율안전확인대상전기용품의 수입·판매·대여업자\n\n###### 제14조(자율안전확인신고등의 표시등이 없는 자율안전확인대상전기용품의 판매·사용 등의 금지)\n\n1.   ① 자율안전확인대상전기용품의 제조업자와 수입·판매·대여업자는 자율안전확인신고등의 표시등이 없는 자율안전확인대상전기용품을 판매·대여하거나 판매·대여할 목적으로 수입·진열 또는 보관하여서는 아니 된다.\n2.   ② 제13조제3항제1호부터 제4호까지 중 어느 하나에 해당하는 자는 자율안전확인신고등의 표시등이 없는 자율안전확인대상전기용품을 사용하여서는 아니 된다.\n3.   ③ 전기용품판매중개업자 및 전기용품구매·수입대행업자는 자율안전확인신고등의 표시등이 없는 자율안전확인대상전기용품의 판매를 중개하거나 구매 또는 수입을 대행하여서는 아니 된다.\n\n###### 제14조의2(자율안전확인신고등의 표시등 사용금지 등)\n\n지식경제부장관은 자율안전확인대상전기용품의 제조업자 또는 수입업자가 다음 각 호의 어느 하나에 해당하면 지식경제부령으로 정하는 바에 따라 6개월 이내의 범위에서 자율안전확인신고등의 표시등 사용금지조치 또는 개선명령을 할 수 있다.\n\n1.   1. 거짓이나 그 밖의 부정한 방법으로 자율안전확인신고등을 한 경우\n2.   2. 자율안전확인대상전기용품이 제11조제3항에 따른 안전기준에 맞지 아니한 경우\n3.   3. 자율안전확인신고등의 표시등을 하지 아니하거나 거짓으로 표시한 경우\n4.   4. 제19조제2항 또는 제6항에 따른 명령을 위반한 경우\n\n###### 제15조(그 밖의 전기용품의 안전인증)\n\n1.   ① 안전인증대상전기용품·자율안전확인대상전기용품 및 공급자적합성확인대상전기용품 외의 전기용품(이하 \"그 밖의 전기용품\"이라 한다)의 제조업자는 안전인증기관으로부터 해당 전기용품의 모델별로 안전인증을 받을 수 있다.\n\n<개정 2009.3.25, 2011.3.30>\n2.   ② 안전인증기관은 제1항에 따라 안전인증을 받으려는 전기용품이 다음 각 호에 해당하면 안전인증을 하여야 한다.\n\n<개정 2008.2.29>\n    1.   1. 안전인증기관이 지식경제부장관의 승인을 받아 정한 안전기준(승인을 받은 안전기준이 없으면 해당 전기용품의 안전에 관한 국제규격)에 적합한 경우\n    2.   2. 해당 전기용품의 제조업자가 그 전기용품의 안전을 계속적으로 보증할 수 있는 제조설비·검사설비와 기술능력 등을 갖춘 경우\n\n3.   ③ 제1항에 따라 안전인증을 받은 자는 해당 전기용품과 그 포장에 안전인증의 표시등을 할 수 있다.\n4.   ④ 그 밖의 전기용품에 대하여 제1항에 따른 안전인증을 받지 아니한 자는 해당 전기용품과 그 포장에 안전인증의 표시등을 하거나 이와 비슷한 표시를 하여서는 아니 된다. <개정 2009.3.25>\n5.   ⑤ 안전인증기관은 제1항에 따른 안전인증의 방법, 절차 등에 관한 업무 규정을 정할 수 있다.\n\n##### 전기용품안전 관리법 시행규칙| 지식경제부령 제215호, 2011.12. 1, 일부개정\n\n###### 제3조(안전인증대상전기용품 등의 범위)\n\n1.   ① 「전기용품안전 관리법」(이하 \"법\"이라 한다) 제2조제3호에 따른 안전인증대상전기용품은 공급되는 교류전원이 50볼트 이상 1천볼트 이하에서 사용되는 것으로서 별표 2에서 정하는 전기용품(직류전원장치 또는 전기충전기에 연결되어 사용하는 전기용품을 포함한다. 이하 이 조에서 같다)을 말한다. <개정 2009.12.31>\n2.   ② 법 제2조제4호에 따른 자율안전확인대상전기용품은 공급되는 교류전원이 50볼트 이상 1천볼트 이하에서 사용되는 것으로서 별표 3에서 정하는 전기용품을 말한다.\n3.   ③ 법 제2조제5호에 따른 공급자적합성확인대상전기용품은 공급되는 교류전원이 50볼트 이상 1천볼트 이하에서 사용되는 것으로서 별표 3의2에서 정하는 전기용품을 말한다. <신설 2009.12.31>\n4.   ④ 별표 2에 따른 안전인증대상전기용품, 별표 3에 따른 자율안전확인대상전기용품 및 별표 3의2에 따른 공급자적합성확인대상전기용품의 세부 범위는 기술표준원장이 각각 정하여 고시한다. <개정 2009.12.31>\n\n###### 제15조(안전인증의 표시등)\n\n1.   ① 법 제6조에 따른 안전인증의 표시등(이하 \"안전인증의 표시등\"이라 한다)의 표시방법은 별표 7과 같다.\n2.   ② 안전인증의 표시등은 국내에서 제조하는 제품에는 출고하기 전에 하고, 외국에서 제조하여 국내로 수입하는 제품에는 통관하기 전에 하여야 한다.\n\n###### 제25조(자율안전확인신고등의 표시등)\n\n1.   ① 법 제13조제1항에 따른 자율안전확인신고등의 표시등(이하 \"자율안전확인신고등의 표시등\"이라 한다)의 표시방법은 별표 7과 같다.\n2.   ② 자율안전확인신고등의 표시등은 국내에서 제조하는 제품에는 출고 전에 하고, 외국에서 제조하여 국내로 수입하는 제품에는 통관하기 전에 하여야 한다.\n\n※ 상기 내용엔 생략된 조항이 있을 수 있으며 현재 시행중인 내용이 아닐 수 있습니다. 법령 전문 및 개정사항, 현재 시행 중인 법령은 법제처 국가법령정보센터([https://www.law.go.kr](https://www.law.go.kr/))에서 직접 확인하시기 바랍니다.\n\n##### 방송통신기기\n\n「전파법」에 의거 방송통신기자재와 전자파장해를 주거나 전자파로부터 영향을 받는 방송통신기자재등을 제조 또는 판매하거나 수입하려는 자는 해당 기자재에 대하여 해당하는 적합성평가를 받아야 하며, 이를 거치지 않은 방송통신기자재등은 판매할 수 없습니다.\n\n##### 적합성평가 인증 구분\n\n적합성평가 인증 구분| 적합인증 | 전파환경 및 방송통신망 등에 위해를 줄 우려가 있는 기자재와 중대한 전자파장해를 주거나 전자파로부터 정상적인 동작을 방해받을 정도의 영향을 받는 기자재를 제조 또는 판매하거나 수입하려는 자는 해당 기자재에 대하여 방송통신위원회의 적합인증을 받아야 함 (전파법 제58조의2 제2항) |\n| --- |\n| 적합등록 | 적합인증의 대상이 아닌 방송통신기자재등을 제조 또는 판매하거나 수입하려는 자는 해당 기자재가 적합성평가기준에 적합함을 확인한 후 그 사실을 방송통신위원회에 등록하여야함 (전파법 제58조의2 제3항) |\n| 잠정인증 | 방송통신기자재등에 대한 적합성평가기준이 마련되어 있지 아니하거나 그 밖의 사유로 적합성 평가가 곤란한 경우 관련 국내외 표준, 규격 및 기술기준 등에 따른 적합성평가를 한 후 지역, 유효기간 등의 조건을 붙여 해당 기자재의 제조·수입·판매를 허용함 (전파법 제58조의2 제7항) |\n\n##### 적합성평가 표기\n\n방송통신기자재를 판매하고자 하는 경우 아래의 내용을 표기하여야 합니다.\n\n*   ‘상품정보’란에 방송통신기자재 등의 적합성평가를 받은 사실 표기\n\n - 적합인증서의 인증번호 또는 적합등록필 증의 등록번호\n\n - 적합인증서 및 적합등록 필증에 기재된 기본 모델명 \n*   제품에 부착되어 있는 적합인증/등록번호를 육안으로 확인 가능하도록 촬영한 상품의 사진\n\n[관련 법령 보기](https://safety.smartstore.naver.com/main/rules/safety/care#)\n\n##### 전파법| 법률 제11037호, 2011.8.4, 타법개정\n\n###### 제58조의2(방송통신기자재등의 적합성평가)\n\n1.   ① 방송통신기자재와 전자파장해를 주거나 전자파로부터 영향을 받는 기자재(이하 \"방송통신기자재등\"이라 한다)를 제조 또는 판매하거나 수입하려는 자는 해당 기자재에 대하여 다음 각 호의 기준(이하 \"적합성평가기준\"이라 한다)에 따라 제2항에 따른 적합인증, 제3항 및 제4항에 따른 적합등록 또는 제7항에 따른 잠정인증(이하 \"적합성평가\"라 한다)을 받아야 한다. \n    1.   1. 제37조 및 제45조에 따른 기술기준\n    2.   2. 제47조의2에 따른 전자파 인체보호기준\n    3.   3. 제47조의3제1항에 따른 전자파적합성기준\n    4.   4. 「방송통신발전 기본법」 제28조에 따른 기술기준\n    5.   5. 「전기통신사업법」 제61조·제68조·제69조에 따른 기술기준\n    6.   6. 「방송법」 제79조에 따른 기술기준\n    7.   7. 다른 법률에서 방송통신기자재등과 관련하여 방송통신위원회가 정하도록 한 기술기준이나 표준\n\n2.   ② 전파환경 및 방송통신망 등에 위해를 줄 우려가 있는 기자재와 중대한 전자파장해를 주거나 전자파로부터 정상적인 동작을 방해받을 정도의 영향을 받는 기자재를 제조 또는 판매하거나 수입하려는 자는 해당 기자재에 대하여 제58조의5에 따른 지정시험기관의 적합성평가기준에 관한 시험을 거쳐 방송통신위원회의 적합인증을 받아야 한다.\n3.   ③ 제2항에 따른 적합인증의 대상이 아닌 방송통신기자재등을 제조 또는 판매하거나 수입하려는 자는 제58조의5에 따른 지정시험기관의 적합성평가기준에 관한 시험을 거쳐 해당 기자재가 적합성평가기준에 적합함을 확인한 후 그 사실을 방송통신위원회에 등록하여야 한다. 다만, 불량률 등을 고려하여 대통령령으로 정하는 기자재에 대하여는 스스로 시험하거나 제58조의5에 따른 지정시험기관이 아닌 시험기관의 시험을 거쳐 방송통신위원회에 등록할 수 있다. \n4.   ④ 제3항에 따른 등록(이하 \"적합등록\"이라 한다)을 한 자는 해당 기자재가 적합성평가기준을 충족함을 증명하는 서류를 비치하여야 한다.\n5.   ⑤ 제2항 및 제3항에 따라 적합성평가를 받은 자가 적합성평가를 받은 사항을 변경하려는 때에는 방송통신위원회에 신고하여야 한다. 이 경우 변경하려는 사항 중 적합성평가기준과 관련된 사항의 변경이 포함된 경우에는 해당 사항에 대하여 제2항 및 제3항에 따른 적합성평가를 받아야 한다.\n6.   ⑥ 적합성평가를 받은 자가 해당 기자재를 판매·대여하거나 판매·대여할 목적으로 진열(인터넷에 게시하는 경우를 포함한다. 이하 같다)·보관·운송하거나 무선국·방송통신망에 설치하려는 경우에는 해당 기자재와 포장에 적합성평가를 받은 사실을 표시하여야 한다.\n7.   ⑦ 방송통신위원회는 방송통신기자재등에 대한 적합성평가기준이 마련되어 있지 아니하거나 그 밖의 사유로 제2항이나 제3항에 따른 적합성평가가 곤란한 경우로서 다음 각 호에 해당하는 경우에는 관련 국내외 표준, 규격 및 기술기준 등에 따른 적합성평가를 한 후 지역, 유효기간 등의 조건을 붙여 해당 기자재의 제조·수입·판매를 허용(이하 \"잠정인증\"이라고 한다)할 수 있다. \n    1.   1. 방송통신망의 침해를 초래하지 아니하는 등 망 이용에 피해를 주지 않는 경우\n    2.   2. 전파에 혼신을 초래하지 아니하는 등 전파이용 환경에 피해를 끼치지 않는 경우\n    3.   3. 이용자의 인명, 재산 등에 피해를 주지 아니하는 등 기자재 이용상 위해가 없는 경우\n\n8.   ⑧ 제7항에 따라 잠정인증을 받은 자는 해당 기자재에 대한 적합성평가기준이 제정되거나 적합성평가가 곤란한 사유가 없어진 경우에는 일정한 기한 내에 제2항이나 제3항에 따른 적합성평가를 받아야 한다.\n9.   ⑨ 잠정인증을 받은 자가 제8항에 따른 기한 내에 적합성평가를 받지 아니한 경우에는 잠정인증의 효력은 소멸한다.\n10.   ⑩ 제1항부터 제9항까지에서 규정한 사항 외에 적합성평가기준과 적합성평가 및 변경신고의 대상, 방법, 절차 등에 관하여 필요한 사항은 대통령령으로 정한다.\n\n###### 제58조의4(적합성평가의 취소 등)\n\n1.   ① 방송통신위원회는 적합성평가를 받은 자가 다음 각 호의 어느 하나에 해당하는 경우에는 대통령령으로 정하는 바에 따라 해당 기자재에 대한 적합성평가를 취소하거나 개선, 시정, 수거, 철거, 파기 또는 생산중지, 수입중지, 판매중지, 사용중지 등 필요한 조치를 명할 수 있다. \n    1.   1. 해당 방송통신기자재등이 적합성평가기준에 적합하지 아니하게 된 경우\n    2.   2. 적합성평가표시를 하지 아니하거나 거짓으로 표시한 경우\n    3.   3. 적합성평가의 변경신고를 하지 아니한 경우\n    4.   4. 제58조의2제4항을 위반하여 관련 서류를 비치하지 아니한 경우\n\n2.   ②, ③ 생략\n\n##### 전파법 시행령| 대통령령 제23082호, 2011. 8.19, 타법개정\n\n###### 제77조의2(적합인증)\n\n1.   ① 법 제58조의2제2항에 따른 적합인증(이하 \"적합인증\"이라 한다)을 받아야 하는 방송통신기자재와 전자파장해를 주거나 전자파로부터 영향을 받는 기자재(이하 \"방송통신기자재등\"이라 한다)는 다음 각 호와 같다. \n    1.   1. 전파환경 및 방송통신망 등에 위해를 줄 우려가 있는 방송통신기자재등\n    2.   2. 중대한 전자파장해를 주거나 전자파로부터 정상적인 동작을 방해받을 정도의 영향을 받는 방송통신기자재등\n    3.   3. 그 밖에 사람의 생명과 안전 등에 중대한 위해를 줄 우려가 있는 방송통신기자재등\n\n2.   ② 적합인증을 받으려는 자는 적합인증신청서(전자문서로 된 신청서를 포함한다)에 부품배치도 및 외관도 등 방송통신위원회가 고시하는 서류(전자문서를 포함한다)를 첨부하여 방송통신위원회에 제출하여야 한다.\n3.   ③ 방송통신위원회는 제2항에 따른 신청에 대하여 적합인증을 한 경우에는 신청인에게 적합인증서를 발급하고, 그 사실을 관보에 공고하여야 한다.\n4.   ④ 제1항부터 제3항까지의 규정에 따른 적합인증의 대상, 절차 및 방법 등에 관하여 필요한 세부사항은 방송통신위원회가 정하여 고시한다\n\n###### 제77조의3(적합등록)\n\n1.   ① 법 제58조의2제3항에 따른 적합등록(이하 \"적합등록\"이라 한다)의 절차·방법 및 공고 등에 관하여는 제77조의2제2항부터 제4항까지의 규정을 준용한다.\n2.   ② 법 제58조의2제3항 단서에서 \"대통령령으로 정하는 기자재\" 란 다음 각 호의 어느 하나에 해당하는 방송통신기자재등으로서 방송통신위원회가 정하여 고시하는 기자재를 말한다. \n    1.   1. 측정·검사용으로 사용되는 방송통신기자재등\n    2.   2. 산업·과학용으로 사용되는 방송통신기자재등\n    3.   3. 그 밖에 기자재의 특성이나 용도 등에 비추어 지정시험기관의 시험이 필요하지 아니한 방송통신기자재등\n\n3.   ③ 적합등록을 한 자는 법 제58조의2제4항에 따라 그 등록을 한 날부터 제조·수입·판매가 중단된 후 5년까지 법 제58조의2제1항에 따른 적합성평가기준(이하 \"적합성평가기준\"이라 한다)에 관한 시험서류 등 방송통신위원회가 정하여 고시하는 서류를 비치하여야 한다.\n\n###### 제77조의5(잠정인증)\n\n1.   ① 법 제58조의2제7항에 따른 잠정인증(이하 \"잠정인증\"이라 한다)의 절차·방법 및 공고 등에 관하여는 제77조의2제2항부터 제4항까지의 규정을 준용한다.\n2.   ② 방송통신위원회는 제1항에 따른 잠정인증 신청의 심사를 위하여 필요하다고 인정하는 경우에는 방송통신위원회가 정하여 고시하는 바에 따라 잠정인증심사위원회를 구성·운영할 수 있다.\n3.   ③ 제1항에 따라 잠정인증을 신청하거나 잠정인증을 받은 자는 그 업무를 위하여 필요한 경우에는 적합성평가기준의 제정이나 개정을 방송통신위원회에 요청할 수 있다.\n\n※ 상기 내용엔 생략된 조항이 있을 수 있으며 현재 시행중인 내용이 아닐 수 있습니다. 법령 전문 및 개정사항, 현재 시행 중인 법령은 법제처 국가법령정보센터([https://www.law.go.kr](https://www.law.go.kr/))에서 직접 확인하시기 바랍니다.\n\n##### 출판물\n\n「출판문화산업진흥법」에 의거 도서정가제 대상 상품은 정가의 15% 이내에서 가격할인과 경제상의 이익을 제공할 수 있으며, 도서가격의 10% 이상을 할인하여 판매할 수 없습니다.\n\n[관련 법령 보기](https://safety.smartstore.naver.com/main/rules/safety/care#)\n\n##### 출판문화산업 진흥법| 법률 제10108호, 2010.3.17, 일부개정\n\n###### 제22조(간행물 정가 표시 및 판매)\n\n1.   ① 출판사가 판매를 목적으로 간행물을 발행할 때에는 소비자에게 판매하는 가격(이하 “정가”라 한다)을 정하여 대통령령으로 정하는 바에 따라 해당 간행물에 표시하여야 한다. <개정 2012. 1. 26., 2014. 5. 20.>\n2.   ② 발행일부터 12개월이 지난 간행물은 대통령령으로 정하는 바에 따라 정가(定價)를 변경할 수 있다. 이 경우 정가표시는 제1항을 준용한다. <신설 2014. 5. 20., 2021. 8. 10.>\n3.   ③ 제1항 및 제2항에도 불구하고 전자출판물의 경우에는 출판사가 정가를 서지정보에 명기하고 전자출판물을 판매하는 자는 출판사가 서지정보에 명기한 정가를 구매자가 식별할 수 있도록 판매사이트에 표시하여야 한다. <신설 2012. 1. 26., 2014. 5. 20.>\n4.   ④ 간행물을 판매하는 자는 이를 정가대로 판매하여야 한다. <개정 2014. 5. 20.>\n5.   ⑤ 제4항에도 불구하고 간행물을 판매하는 자는 독서 진흥과 소비자 보호를 위하여 정가의 15퍼센트 이내에서 가격할인과 경제상의 이익을 자유롭게 조합하여 판매할 수 있다. 이 경우 가격할인은 10퍼센트 이내로 하여야 한다. <신설 2014. 5. 20.>\n6.   ⑥ 제5항에도 불구하고 국가, 지방자치단체, 「공공기관의 운영에 관한 법률」에 따른 공공기관 및 「도서관법」 제4조제2항제1호에 따른 공공도서관에 간행물을 판매하는 자는 정가의 10퍼센트 이내의 가격할인만 제공할 수 있다. <신설 2021. 8. 10., 2021. 12. 7.>\n7.   ⑦ 다음 각 호의 어느 하나에 해당하는 간행물에 대하여는 제4항 및 제5항을 적용하지 아니한다. <개정 2012. 1. 26., 2014. 5. 20., 2021. 8. 10.>\n    1.   1. 삭제 <2014. 5. 20.>\n    2.   2. 사회복지시설에 판매하는 간행물\n    3.   3. 저작권자에게 판매하는 간행물\n    4.   4. 삭제 <2014. 5. 20>\n    5.   5. 그 밖에 대통령령으로 정하는 간행물\n\n8.   ⑧ 제5항에서 “경제상의 이익”이란 간행물의 거래에 부수하여 소비자에게 제공되는 다음 각 호의 어느 하나에 해당하는 것을 말한다. <신설 2014. 5. 20., 2021. 8. 10.>\n    1.   1. 물품\n    2.   2. 마일리지(판매가의 일정 비율에 해당하는 점수 등을 말한다)\n    3.   3. 할인권\n    4.   4. 상품권\n    5.   5. 제1호부터 제4호까지에서 규정한 것 외에 소비자가 통상 대가를 지급하지 아니하고는 취득할 수 없는 것이라고 인정되는 것\n\n[전문개정 2009. 3. 25.]\n\n[시행일: 2022. 12. 8.] 제22조\n\n※ 상기 내용엔 생략된 조항이 있을 수 있으며 현재 시행중인 내용이 아닐 수 있습니다. 법령 전문 및 개정사항, 현재 시행 중인 법령은 법제처 국가법령정보센터([https://www.law.go.kr](https://www.law.go.kr/))에서 직접 확인하시기 바랍니다.\n\n##### 게임·음반·영상물\n\n국내, 국외에서 제작된 모든 음반, 영상물은 '영상물등급위원회’로부터, 게임물은 ‘게임물등급위원회’로부터 등급분류를 받아야만 유통이 가능하므로 등급분류가 없는 상품은 판매할 수 없습니다.\n\n##### 등급 확인\n\n*   음반, 영상물: 영상물등급위원회 홈페이지 [(https://www.kmrb.or.kr)](https://www.kmrb.or.kr/)\n*   게임물: 게임물등급위원회 홈페이지 [(https://www.grac.or.kr)](https://www.grac.or.kr/)\n\n[관련 법령 보기](https://safety.smartstore.naver.com/main/rules/safety/care#)\n\n##### 영화 및 비디오물의 진흥에 관한 법률| 법률 제10219호, 2010. 3.31, 타법개정\n\n###### 제50조(등급분류)\n\n1.   ① 비디오물을 제작 또는 배급(수입을 포함한다. 이하 같다)하는 자는 당해 비디오물을 공급하기 전에 당해 비디오물의 내용에 관하여 영상물등급위원회로부터 등급분류를 받아야 한다. 다만, 다음 각 호의 어느 하나에 해당하는 비디오물의 경우에는 그러하지 아니하다. \n    1.   1. 대가를 받지 아니하고 특정한 장소에서 청소년이 포함되지 아니한 특정인을 대상으로 하여 시청에 제공하는 비디오물\n    2.   2. 대가를 받지 아니하고 정보통신망을 이용하여 공중의 시청에 제공하는 비디오물\n    3.   3. 문화체육관광부장관 또는 관계 중앙행정기관의 장이 추천하는 영상물 대회, 전시회 등에서 시청에 제공하는 비디오물\n    4.   4. 등급분류를 받은 영화(제한상영가 영화를 제외한다)를 동일한 내용으로 제작하는 비디오물. 이 경우 당해 영화의 상영등급을 비디오물의 등급으로 본다.\n    5.   5. 그 밖에 비디오물의 제작 주체, 유통 형태 등에 비추어 보아 등급분류가 필요하지 아니한 비디오물로서 대통령령이\n\n 정하는 것\n\n2.   ② 제1항의 규정에 따라 비디오물의 등급분류를 신청하는 자는 그 비디오물의 제작 또는 배급에 관한 정당한 권리를 가진 자임을 증명하는 서류를 갖추어 등급분류를 신청하여야 한다.\n3.   ③ 제1항의 규정에 의한 비디오물의 등급은 비디오물의 내용, 영상 및 대사 등의 표현 정도에 따라 다음 각 호와 같이 분류한다. \n    1.   1. 전체관람가 : 모든 연령의 자가 시청할 수 있는 비디오물\n    2.   2. 12세 이상 관람가 : 12세 이상의 자가 시청할 수 있는 비디오물\n    3.   3. 15세 이상 관람가 : 15세 이상의 자가 시청할 수 있는 비디오물\n    4.   4. 청소년관람불가 : 청소년은 시청할 수 없는 비디오물\n    5.   5. 제한관람가 : 선정성·폭력성·사회적 행위 등의 표현이 과도하여 인간의 보편적 존엄, 사회적 가치, 선량한 풍속 또는 국민 정서를 현저하게 해할 우려가 있어 시청제공·유통 등에 일정한 제한이 필요한 비디오물\n\n4.   ④ ~ ⑦ 생략\n\n###### 제53조(불법비디오물의 판매 등의 금지)\n\n1.   ① 누구든지 다음 각 호의 어느 하나에 해당하는 비디오물을 제작하거나 공급·판매·대여(이하 \"유통\"이라 한다) 또는 시청에 제공하거나 이를 위하여 진열·보관하여서는 아니 된다. \n    1.   1. 제50조제1항의 규정을 위반하여 등급분류를 받지 아니한 비디오물\n    2.   2. 제51조제1항의 규정을 위반하여 확인을 받지 아니하고 복제하거나 배급한 비디오물\n    3.   3. 제52조제1항의 규정에 따라 등급분류 또는 확인이 취소된 당해 비디오물\n    4.   4. 제57조제1항의 규정을 위반하여 신고를 하지 아니한 자가 제작하거나 수입 또는 배급한 비디오물\n    5.   5. 등급분류를 받은 내용을 변경하거나 등급을 변경한 비디오물\n\n2.   ② 누구든지 등급분류를 받은 비디오물을 제50조제3항의 규정에 의한 등급구분을 위반하여 시청에 제공하여서는 아니 된다.\n3.   ③ 제50조제5항 및 제51조제2항의 규정에 의하여 교부되는 등급분류필증 및 확인필증은 제63조의 규정에 의한 영업의 승계의 경우를 제외하고는 이를 매매 또는 증여하여서는 아니 된다.\n\n##### 음악산업진흥에 관한 법률 | 법률 제10629호, 2011. 5.19, 타법개정\n\n###### 제17조(음악영상물 등의 등급분류 등)\n\n1.   ① 음악영상물과 음악영상파일을 제작 또는 배급(수입을 포함한다)하는 자는 당해 음악영상물과 음악영상파일을 공급하기 전에 그 내용에 관하여 「영화 및 비디오물의 진흥에 관한 법률」 제71조의 규정에 따른 영상물등급위원회로부터 등급분류를 받아야 한다.\n2.   ② 음악영상물·음악영상파일의 등급분류 및 판매(온라인음악서비스제공업자의 서비스제공행위를 포함한다)와 관련하여 「영화 및 비디오물의 진흥에 관한 법률」 제50조 내지 제56조·제65조·제66조·제95조제5호 내지 제7호·제97조·제98조제1항제4호 내지 제6호·제98조제2항제8호 및 제99조의 규정을 준용한다. 이 경우 \"비디오물\"을 \"음악영상물·음악영상파일\"로 본다. \n\n##### 게임산업진흥에 관한 법률| 법률 제10879호, 2011.7.21, 일부개정\n\n###### 제21조(등급분류)\n\n1.   ① 게임물을 유통시키거나 이용에 제공하게 할 목적으로 게임물을 제작 또는 배급하고자 하는 자는 당해 게임물을 제작 또는 배급하기 전에 등급위원회로부터 당해 게임물의 내용에 관하여 등급분류를 받아야 한다. 다만, 다음 각 호의 어느 하나에 해당하는 게임물의 경우에는 그러하지 아니하다. \n    1.   1. 중앙행정기관의 장이 추천하는 게임대회 또는 전시회 등에 이용·전시할 목적으로 제작·배급하는 게임물\n    2.   2. 교육·학습·종교 또는 공익적 홍보활동 등의 용도로 제작·배급하는 게임물로서 대통령령이 정하는 것\n    3.   3. 게임물 개발과정에서 성능·안전성·이용자만족도 등을 평가하기 위한 시험용 게임물로서 대통령령이 정하는 대상·기준과 절차 등에 따른 게임물\n    4.   4. 게임물의 제작주체·유통과정의 특성 등으로 인하여 등급위원회를 통한 사전 등급분류가 적절하지 아니한 게임물 중에서 대통령령으로 정하는 것. 다만, 제9항의 기준에 따른 청소년이용불가 게임물일 경우에는 그러하지 아니하다.\n\n2.   ② 게임물의 등급은 다음 각 호와 같다. \n    1.   1. 전체이용가 : 누구나 이용할 수 있는 게임물\n    2.   2. 12세이용가 : 12세 미만은 이용할 수 없는 게임물\n    3.   3. 15세이용가 : 15세 미만은 이용할 수 없는 게임물\n    4.   4. 청소년이용불가 : 청소년은 이용할 수 없는 게임물\n\n3.   ③ 제2항의 규정에 불구하고 청소년게임제공업과 일반게임제공업에 제공되는 게임물은 전체이용가와 청소년이용불가 게임물로 분류한다.\n4.   ④ ~ ⑪ 생략\n\n###### 제32조(불법게임물 등의 유통금지 등)\n\n1.   ① 누구든지 게임물의 유통질서를 저해하는 다음 각 호의 행위를 하여서는 아니 된다. 다만, 제4호의 경우 「사행행위 등 규제 및 처벌특례법」에 따라 사행행위영업을 하는 자를 제외한다. \n    1.   1. 제21조제1항의 규정에 의하여 등급을 받지 아니한 게임물을 유통 또는 이용에 제공하거나 이를 위하여 진열·보관하는 행위\n    2.   2. 제21조제1항의 규정에 의하여 등급을 받은 내용과 다른 내용의 게임물을 유통 또는 이용에 제공하거나 이를 위하여 진열·보관하는 행위\n    3.   3. 등급을 받은 게임물을 제21조제2항 각 호의 등급구분을 위반하여 이용에 제공하는 행위\n    4.   4. 제22조제2항의 규정에 따라 사행성게임물에 해당되어 등급분류가 거부된 게임물을 유통시키거나 이용에 제공하는 행위 또는 유통·이용제공의 목적으로 진열·보관하는 행위\n    5.   5. 제22조제3항제1호의 규정에 의한 등급분류필증을 매매·증여 또는 대여하는 행위\n    6.   6. 제33조제1항 또는 제2항의 규정을 위반하여 등급 및 게임물내용정보 등의 표시사항을 표시하지 아니한 게임물 또는 게임물의 운영에 관한 정보를 표시하는 장치를 부착하지 아니한 게임물을 유통시키거나 이용에 제공하는 행위\n    7.   7. 누구든지 게임물의 이용을 통하여 획득한 유·무형의 결과물(점수, 경품, 게임 내에서 사용되는 가상의 화폐로서 대통령령이 정하는 게임머니 및 대통령령이 정하는 이와 유사한 것을 말한다)을 환전 또는 환전 알선하거나 재매입을 업으로 하는 행위\n    8.   8. 게임물의 정상적인 운영을 방해할 목적으로 게임물 관련사업자가 제공 또는 승인하지 아니한 컴퓨터프로그램이나 기기 또는 장치를 배포하거나 배포할 목적으로 제작하는 행위\n\n2.   ② 생략\n\n※ 상기 내용엔 생략된 조항이 있을 수 있으며 현재 시행중인 내용이 아닐 수 있습니다. 법령 전문 및 개정사항, 현재 시행 중인 법령은 법제처 국가법령정보센터([https://www.law.go.kr](https://www.law.go.kr/))에서 직접 확인하시기 바랍니다.\n\n##### 청소년유해매체물등\n\n청소년 보호를 위해 별도의 성인인증장치를 적용하지 않은 청소년유해매체물과 청소년유해약물 및 청소년유해물건은 판매할 수 없습니다. 청소년이 이용할 수 없는 상품은 반드시 성인인증장치를 설정하여 등록하여야 합니다.\n\n‘청소년유해매체물’이란 관련 법령에 의하여 청소년보호위원회 또는 각 심의기관이 청소년에게 유해한 것으로 결정 또는 확인하여 여성가족부 장관이 고시한 매체물 ※ 청소년유해매체물 검색: [여성가족부 홈페이지 > 정책가이드 > 청소년 > 청소년유해환경개선 > 청소년유해매체물검색](http://www.mogef.go.kr/sp/yth/sp_yth_f013.do)\n##### 청소년유해매체물의 기준\n\n*   청소년에게 성적인 욕구를 자극하는 선정적인 것이거나 음란한 것\n*   청소년에게 포악성이나 범죄의 충동을 일으킬 수 있는 것\n*   성폭력을 포함한 각종 형태의 폭력행사와 약물의 남용을 자극하거나 미화하는 것\n*   청소년의 건전한 인격과 시민의식의 형성을 저해하는 반사회적·비윤리적인 것\n*   기타 청소년의 정신적·신체적 건강에 명백히 해를 끼칠 우려가 있는 것\n\n##### 청소년유해매체물의 범위\n\n*   영화 및 비디오물의 진흥에 관한 법률의 규정에 의한 비디오물\n*   게임산업진흥에 관한 법률에 의한 게임물\n*   음악산업진흥에 관한 법률에 의한 음반\n*   공연법 및 영화 및 비디오물의 진흥에 관한 법률의 규정에 의한 영화·연극·음악·무용, 기타 오락적 관람물\n*   전기통신사업법 및 전기통신기본법의 규정에 의한 전기통신을 통한 부호·문언·음향 또는 영상정보\n*   기타 청소년의 정신적·신체적 건강을 해칠 우려가 있다고 인정되는 것으로서 대통령령이 정하는 매체\n\n##### 청소년유해약물\n\n*   주세법의 규정에 의한 주류\n*   담배사업법의 규정에 의한 담배\n*   마약류 관리에 관한 법률의 규정에 의한 마약류\n\n - 톨루엔, 초산에틸, 메틸알콜\n\n - 위 물질이 들어있는 시너, 접착제, 풍선류 또는 도료 등\n\n - 부탄가스 \n*   기타 중추신경에 작용하여 습관성, 중독성, 내성 등을 유발하여 인체에 유해작용을 미칠 수 있는 약물 등 청소년의 사용을 제한하지 않으면 청소년의 심신을 심각하게 훼손할 우려가 있는 약물로서 대통령령이 정하는 기준에 따라 청소년보호위원회가 결정하여\n\n 고시한 것\n\n##### 청소년유해물건\n\n*   청소년에게 음란한 행위를 조장하는 성기구 등 청소년의 사용을 제한하지 아니하면 청소년의 심신을 심각하게 훼손할 우려가 있는 성관련 물건으로서 대통령령이 정하는 기준에 따라 청소년보호위원회가 결정하여 고시한 것\n\n - 레이저 포인터류: 레이저 빔을 이용한 지시기\n\n - 성기구: 남성용 성기확대∙단련 기구류, 남성용 여성 성기자극 기구류(요철식 특수콘돔 등), 남성/여성용 자위행위 기구류\n\n - 전자담배 기기장치류: 니코틴 용액을 흡입할 수 있는 저자장치 및 그 부속품(배터리, 무화기, 카트리지 등) \n\n[관련 법령 보기](https://safety.smartstore.naver.com/main/rules/safety/care#)\n\n##### 청소년보호법| 법률 제11179호, 2012. 1.17, 일부개정\n\n###### 제2조(정의)\n\n이 법에서 사용하는 용어의 정의는 다음과 같다. <개정 1999.2.5, 1999.3.31, 2000.1.12, 2001.4.7, 2001.5.24, 2004.1.29, 2004.12.31, 2005.3.24, 2005.12.29, 2006.4.28, 2008.2.29, 2010.1.18>\n\n1.   1. \"청소년\"이라 함은 만 19세 미만의 자를 말한다. 다만, 만 19세에 도달하는 해의 1월 1일을 맞이한 자를 제외한다.\n2.   2. \"매체물\"이라 함은 제7조 각호의 1에 해당하는 것을 말한다.\n3.   3. \"청소년유해매체물\"이라 함은 다음 각목의 1에 해당하는 것을 말한다. \n    1.   가. 제8조 및 제12조의 규정에 의하여 청소년보호위원회가 청소년에게 유해한 것으로 결정하거나 확인하여 여성가족부장관이 이를 고시한 매체물\n    2.   나. 제8조제1항 단서의 규정에 의한 각 심의기관이 청소년에게 유해한 것으로 의결 또는 결정(이하 \"결정\"이라 한다)하여 여성가족부장관이 고시하거나 제12조의 규정에 의하여 청소년에게 유해한 것으로 확인하여 여성가족부장관이 고시한 매체물\n\n4.   4. \"청소년유해약물등\"이라 함은 청소년에게 유해한 것으로 인정되는 다음 가목 (1) 내지 (7)에 해당하는 약물(이하 \"청소년유해약물\"이라 한다)과 청소년에게 유해한 것으로 인정되는 다음 나목 (1) 또는 (2)에 해당하는 물건(이하 \"청소년유해물건\"이라 한다)을 말한다. \n    1.   가. 청소년유해약물 \n        1.   (1) 「주세법」의 규정에 의한 주류\n        2.   (2) 「담배사업법」의 규정에 의한 담배\n        3.   (3) 「마약류관리에 관한 법률」의 규정에 의한 마약류\n        4.   (4) 삭제 <2000.1.12>\n        5.   (5) 삭제 <2000.1.12>\n        6.   (6) 「유해화학물질 관리법」의 규정에 의한 환각물질\n        7.   (7) 기타 중추신경에 작용하여 습관성, 중독성, 내성 등을 유발하여 인체에 유해작용을 미칠 수 있는 약물 등 청소년의 사용을 제한하지 아니하면 청소년의 심신을 심각하게 훼손할 우려가 있는 약물로서 대통령령이 정하는 기준에 따라 관계 기관의 의견을 들어 청소년보호위원회가 결정하고 여성가족부장관이 이를 고시한 것\n\n    2.   나. 청소년유해물건 \n        1.   (1) 청소년에게 음란한 행위를 조장하는 성기구 등 청소년의 사용을 제한하지 아니하면 청소년의 심신을 심각하게 훼손할 우려가 있는 성관련 물건으로서 대통령령이 정하는 기준에 따라 청소년보호위원회가 결정하고 여성가족부장관이 이를 고시한 것\n        2.   (2) 청소년에게 음란성·포악성·잔인성·사행성 등을 조장하는 완구류 등 청소년의 사용을 제한하지 아니하면 청소년의 심신을 심각하게 훼손할 우려가 있는 물건으로서 대통령령이 정하는 기준에 따라 청소년보호위원회가 결정하고 여성가족부장관이 이를 고시한 것\n\n5.   5. ~ 7. 생략\n\n###### 제7조(매체물의 범위)\n\n이 법에서 매체물이라 함은 다음 각호의 1에 해당하는 것을 말한다.\n\n<개정 1999.2.5, 2001.5.24, 2004.1.29, 2005.3.24, 2006.4.28, 2009.7.31>\n\n1.   1.「영화 및 비디오물의 진흥에 관한 법률」의 규정에 의한 비디오물, 「게임산업진흥에 관한 법률」에 의한 게임물 및 「음악산업진흥에 관한 법률」에 의한 음반\n2.   2. 삭제 <2001.5.24>\n3.   3. 「공연법」 및 「영화 및 비디오물의 진흥에 관한 법률」의 규정에 의한 영화·연극·음악·무용, 기타 오락적 관람물\n4.   4. 「전기통신사업법」 및 「전기통신기본법」의 규정에 의한 전기통신을 통한 부호·문언·음향 또는 영상정보\n5.   5. 「방송법」의 규정에 의한 방송프로그램. 다만, 보도방송프로그램을 제외한다.\n6.   6. 「신문 등의 진흥에 관한 법률」에 따른 일반일간신문(주로 정치·경제·사회에 관한 보도·논평 및 여론을 전파하는 신문을 제외한다)·특수일간신문(경제·산업·과학·종교분야를 제외한다)·일반주간신문(정치·경제분야를 제외한다)·특수주간신문(경제·산업·과학·시사·종교분야를 제외한다), 「잡지 등 정기간행물의 진흥에 관한 법률」에 따른 잡지(정치·경제·산업·과학·시사·종교분야를 제외한다) 및 대통령령으로 정하는 그 밖의 간행물(이하 \"정기간행물등\"이라 한다)과 정기간행물 외의 간행물 중 만화·사진첩·화보류·소설 등의 도서류, 전자출판물, 그 밖에 대통령령으로 정하는 것 \n7.   7. 「옥외광고물 등 관리법」의 규정에 의한 간판·입간판·벽보·전단 기타 이와 유사한 상업적 광고선전물과 제1호 내지 제6호의 규정에 의한 각종 매체물에 수록·게재·전시, 기타 방법으로 포함된 상업적 광고선전물\n8.   8. 기타 청소년의 정신적·신체적 건강을 해칠 우려가 있다고 인정되는 것으로서 대통령령이 정하는 매체물\n\n###### 제14조(표시의무)\n\n1.   ① 청소년유해매체물에 대해서는 청소년에게 유해한 매체물임을 나타내는 표시(이하 \"청소년유해표시\"라 한다)를 하여야 한다.\n2.   ② 제1항의 규정에 의한 청소년유해표시를 하여야 할 의무자, 청소년유해표시의 종류와 시기·방법 기타 필요한 사항은 대통령령으로 정한다.\n\n###### 제15조(포장의무)\n\n1.   ① 청소년유해매체물에 대해서는 이를 포장하여야 한다. 다만, 매체물의 특성상 포장할 수 없는 것은 그러하지 아니하다.\n2.   ② 제1항의 규정에 의한 포장을 하여야 할 매체물의 종류, 포장의무자, 포장방법 기타 포장에 관하여 필요한 사항은 대통령령으로 정한다.\n\n###### 제17조(판매금지등)\n\n1.   ① 청소년유해매체물을 판매·대여·배포하거나 시청·관람·이용에 제공하고자 하는 자는 그 상대방의 연령을 확인하여야 하고, 청소년에게 이를 판매·대여·배포하거나 시청·관람·이용에 제공하여서는 아니된다. <개정 2001.5.24>\n2.   ② 제14조의 규정에 의하여 청소년유해표시를 하여야 할 매체물은 청소년유해표시가 되지 아니한 상태에서는 당해 매체물의 판매 또는 대여를 위하여 전시 또는 진열하여서는 아니된다.\n3.   ③ 제15조의 규정에 의하여 포장을 하여야 할 매체물은 포장이 되지 아니한 상태에서는 당해 매체물의 판매 또는 대여를 위하여 전시 또는 진열하여서는 아니된다.\n4.   ④ 청소년유해매체물의 판매금지 등에 관하여 기타 필요한 사항은 대통령령으로 정한다.\n\n###### 제26조(청소년유해약물등으로부터 청소년보호)\n\n1.   ① 누구든지 청소년을 대상으로 하여 청소년유해약물등을 판매·대여·배포하여서는 아니된다. 이 경우 자동기계장치·무인판매장치·통신장치에 의하여 판매·대여·배포한 경우를 포함한다. 다만, 학습용·공업용 또는 치료용으로 판매되는 것으로서 대통령령이 정하는 것은 그러하지 아니하다. <개정 2001.5.24>\n2.   ②, ③ 생략\n3.   ④ 제14조 내지 제16조의 규정은 청소년유해약물 등에 이를 준용한다.\n\n###### 제50조(벌칙)\n\n다음 각호의 1에 해당하는 자는 3년 이하의 징역 또는 2천만원 이하의 벌금에 처한다.\n\n<개정 1999.2.5, 2000.2.3, 2001.5.24, 2004.1.29>\n\n1.   1. 영리를 목적으로 제17조제1항의 규정에 위반하여 청소년에게 청소년유해매체물을 판매·대여·배포하거나 시청·관람·이용에 제공한 자\n\n1의2. 생략\n2.   2. 생략\n3.   3. 제26조제1항의 규정에 위반하여 청소년에게 제2조제4호 가목(6) 또는 (7)의 약물 또는 나목의 물건을 판매·대여·배포한 자\n4.   4. 5. 생략\n\n※ 상기 내용엔 생략된 조항이 있을 수 있으며 현재 시행중인 내용이 아닐 수 있습니다. 법령 전문 및 개정사항, 현재 시행 중인 법령은 법제처 국가법령정보센터([https://www.law.go.kr](https://www.law.go.kr/))에서 직접 확인하시기 바랍니다.\n\n##### 자동차연료·첨가제 또는 촉매제\n\n「대기환경보전법」에 의거 자동차 연료∙첨가제 및 촉매제는 지정된 기관으로부터 제조기준의 적합성에 대해 사전 검사를 받지 않은 경우 판매할 수 없습니다.\n\n‘첨가제’란 자동차의 성능을 향상시키거나 배출가스를 줄이기 위하여 자동차의 연료에 첨가하는 탄소와 수소만으로 구성된 물질을 제외한 화학물질‘촉매제’란 배출가스를 줄이는 효과를 높이기 위하여 배출가스저감장치에 사용되는 화학물질\n\n[관련 법령 보기](https://safety.smartstore.naver.com/main/rules/safety/care#)\n\n##### 대기환경보전법| 법률 제11256호, 2012.2.1, 일부개정\n\n###### 제74조(자동차연료·첨가제 또는 촉매제의 검사 등)\n\n1.   ① 자동차연료·첨가제 또는 촉매제를 제조(수입을 포함한다. 이하 이 조, 제75조, 제82조제1항제9호, 제89조제9호 및 제91조제10호에서 같다)하려는 자는 환경부령으로 정하는 제조기준(이하 \"제조기준\"이라 한다)에 맞도록 제조하여야 한다.\n\n<개정 2008.12.31>\n2.   ② 자동차연료·첨가제 또는 촉매제를 제조하려는 자는 제조기준에 맞는지에 대하여 미리 환경부장관으로부터 검사를 받아야 한다. <신설 2008.12.31>\n3.   ③ 누구든지 제2항에 따른 검사 결과 제조기준에 맞지 아니한 것으로 판정된 자동차연료·첨가제 또는 촉매제를 자동차연료·첨가제 또는 촉매제로 공급·판매하거나 사용하여서는 아니 된다. 다만, 학교나 연구기관 등 환경부령으로 정하는 자가 시험·연구 목적으로 제조·공급하거나 사용하는 경우에는 그러하지 아니하다. <개정 2008.12.31>\n4.   ④ 환경부장관은 자동차연료·첨가제 또는 촉매제로 환경상의 위해가 발생하거나 인체에 매우 유해한 물질이 배출된다고 인정하면 환경부령으로 정하는 바에 따라 그 제조·판매 또는 사용을 규제할 수 있다. <개정 2008.12.31>\n5.   ⑤ 첨가제 또는 촉매제를 제조하려는 자는 환경부령으로 정하는 바에 따라 첨가제 또는 촉매제가 제2항에 따른 검사를 받고 제조기준에 맞는 제품임을 표시하여야 한다. <개정 2008.12.31>\n6.   ⑥ 제2항에 따른 검사를 받으려는 자는 환경부령으로 정하는 수수료를 내야 한다. <개정 2008.12.31>\n7.   ⑦ 제2항에 따른 검사의 방법 및 절차는 환경부령으로 정한다. <개정 2008.12.31>\n\n###### 제75조(자동차연료·첨가제 또는 촉매제 제조·공급·판매중지)\n\n1.   ① 환경부장관은 제74조제2항을 위반하여 검사를 받지 아니하거나 검사받은 내용과 다르게 자동차연료·첨가제 또는 촉매제를 제조하는 자에 대하여는 그 제조의 중지를 명할 수 있다. <개정 2008.12.31>\n2.   ② 환경부장관은 제74조제3항을 위반하여 제조기준에 맞지 아니한 것으로 판정된 자동차연료·첨가제 또는 촉매제를 공급하거나 판매한 자에 대하여는 공급이나 판매의 중지를 명할 수 있다. <개정 2008.12.31>\n\n###### 제89조(벌칙)\n\n다음 각 호의 어느 하나에 해당하는 자는 7년 이하의 징역이나 1억원 이하의 벌금에 처한다. <개정 2008.12.31, 2012.2.1>\n\n1.   1. ~ 8. 생략\n2.   9. 제74조제1항을 위반하여 자동차연료·첨가제 또는 촉매제를 제조기준에 맞지 아니하게 제조한 자\n3.   10. 제74조제2항을 위반하여 자동차연료·첨가제 또는 촉매제의 검사를 받지 아니한 자\n4.   11. 제74조제3항 본문을 위반하여 자동차연료를 공급하거나 판매한 자\n5.   12. 제75조에 따른 제조 또는 공급·판매의 중지명령을 위반한 자\n\n###### 제90조(벌칙)\n\n다음 각 호의 어느 하나에 해당하는 자는 5년 이하의 징역이나 3천만 원 이하의 벌금에 처한다. <개정 2008.12.31>\n\n1.   1. ~ 10. 생략\n2.   11. 제74조제3항 본문을 위반하여 첨가제 또는 촉매제를 공급하거나 판매한 자\n\n###### 제91조(벌칙)\n\n다음 각 호의 어느 하나에 해당하는 자는 1년 이하의 징역이나 500만원 이하의 벌금에 처한다. <개정 2008.12.31>\n\n1.   1. ~ 8. 생략\n2.   9. 제74조제3항 본문을 위반하여 자동차연료를 사용한 자\n3.   10. 제74조제4항에 따른 규제를 위반하여 자동차연료·첨가제 또는 촉매제를 제조하거나 판매한 자\n4.   11. 제74조제5항을 위반하여 검사를 받은 제품임을 표시하지 아니하거나 거짓으로 표시한 자\n5.   12. 생략\n\n※ 상기 내용엔 생략된 조항이 있을 수 있으며 현재 시행중인 내용이 아닐 수 있습니다. 법령 전문 및 개정사항, 현재 시행 중인 법령은 법제처 국가법령정보센터([https://www.law.go.kr](https://www.law.go.kr/))에서 직접 확인하시기 바랍니다.\n\n##### 유해화학물질\n\n「유해화학물질관리법」에 의거 유독물, 관찰물질, 취급제한물질 및 취급금지물질을 판매하기 위해서는 해당물질들을 취급하는데 필요한 일정한 시설을 갖춘 후 유독물판매업 등록을 하거나 취급제한물질∙취급금지물질 판매업 허가를 받아야만 합니다.\n\n[관련 법령 보기](https://safety.smartstore.naver.com/main/rules/safety/care#)\n\n##### 유해화학물질 관리법| 법률 제11260호, 2012.2.1, 일부개정\n\n###### 제20조(유독물영업의 등록)\n\n1.   ① 다음 각 호의 어느 하나에 해당하는 영업을 하려는 자는 환경부령으로 정하는 기준에 맞는 취급시설을 갖추어 환경부령으로 정하는 바에 따라 업종별로 특별시장·광역시장·도지사·특별자치도지사(이하 \"시·도지사\"라 한다)에게 등록하여야 한다. 다만, 기계나 장치에 내장되어 있는 유독물을 판매, 보관·저장, 운반 또는 사용하는 영업을 하는 자 등 대통령령으로 정하는 자의 경우에는 그러하지 아니하다. <개정 2012.2.1>\n    1.   1. 유독물 제조업(판매를 목적으로 유독물을 제조하는 영업을 말한다)\n    2.   2. 유독물 판매업\n    3.   3. 유독물 보관·저장업\n    4.   4. 유독물 운반업\n    5.   5. 유독물 사용업(유독물을 사용하여 제품을 제조하거나 세척·도장 등 작업과정 중 유독물을 사용하는 영업을 말한다)\n\n2.   ②, ③ 생략\n\n###### 제31조(관찰물질 제조·수입의 신고 등)\n\n1.   ① 관찰물질을 제조하거나 수입하려는 자는 환경부령으로 정하는 바에 따라 관찰물질의 종류, 관찰물질별 제조예정량·수입예정량, 주요 용도 등을 환경부장관에게 신고하여야 한다. 다만, 시험·연구·검사용 시약을 해당 목적으로 제조하거나 수입하는 경우 등 대통령령으로 정하는 관찰물질은 그러하지 아니하다.\n2.   ② 생략\n\n###### 제34조(취급제한·금지물질영업의 허가 등)\n\n1.   ① 다음 각 호의 어느 하나에 해당하는 영업을 하려는 자는 환경부령으로 정하는 기준에 맞는 취급시설을 갖추어 환경부령으로 정하는 바에 따라 업종별로 환경부장관의 허가를 받아야 한다. 다만, 취급제한물질 중 유독물이 아닌 취급제한물질을 보관·저장 또는 운반하는 영업을 하려는 자 등 대통령령으로 정하는 경우에는 그러하지 아니하다. \n    1.   1. 취급제한물질 제조업 또는 수입업(판매 목적으로 취급제한물질을 제조하거나 수입하는 영업에 한정한다)\n    2.   2. 취급제한물질 판매업\n    3.   3. 취급제한물질 보관·저장업\n    4.   4. 취급제한물질 운반업\n    5.   5. 취급제한물질 사용업[취급제한물질을 사용하여 제품을 제조하거나 세척(洗滌)·도장(塗裝) 등 작업과정 중 취급제한물질을 사용하는 영업에 한정한다]\n\n2.   ② 누구든지 취급금지물질을 영업목적으로 제조, 수입, 판매, 보관·저장, 운반, 사용하여서는 아니 된다. 다만, 취급금지물질에 해당하는 시험·연구·검사용 시약을 그 목적으로 제조·수입·판매하는 영업을 하려는 자가 환경부령으로 정하는 바에 따라 환경부장관의 허가를 받은 경우는 그러하지 아니하다.\n3.   ③, ④ 생략\n4.   ⑤ 제1항 또는 제2항 단서에 따라 허가받은 취급제한·금지물질영업자는 제32조제3항에 따라 고시된 내용을 지켜야 한다. <개정 2012.2.1>\n5.   ⑥ 취급제한·금지물질영업자에 대하여는 제21조부터 제26조까지, 제28조부터 제30조까지의 규정을 준용하되, 취급제한·금지물질 중 유독물이 아닌 취급제한·금지물질의 영업자에 대하여는 제21조, 제26조 및 제28조를 준용한다. 이 경우 \"시·도지사\"는 \"환경부장관\"으로, \"유독물\"은 \"취급제한·금지물질\"로, \"유독물영업\"은 \"취급제한·금지물질영업\"으로, \"유독물영업자\"는 \"취급제한·금지물질영업자\"로, \"유독물 취급시설\"은 \"취급제한·금지물질 취급시설\"로, \"유독물관리자\"는 \"취급제한·금지물질 관리자\"로, \"등록\"은 \"허가\"로 본다. <개정 2012.2.1>\n\n###### 제57조(벌칙)\n\n다음 각 호의 어느 하나에 해당하는 자는 5년 이하의 징역 또는 5천만원 이하의 벌금에 처한다.\n\n1.   1. 생략\n2.   2. 제20조제1항 본문에 따른 유독물영업의 등록을 하지 아니하거나 거짓으로 등록하고 영업을 한 자\n3.   3. 제34조제1항을 위반하여 취급제한물질영업의 허가를 받지 아니하거나 거짓으로 허가받고 영업을 한 자\n4.   4. 생략\n\n###### 제63조(과태료)\n\n1.   ① 다음 각 호의 어느 하나에 해당하는 자에게는 200만원 이하의 과태료를 부과한다. <개정 2010.5.25, 2012.2.1>\n    1.   1. ~ 6. 생략\n    2.   7. 제31조제1항 본문에 따른 신고를 하지 아니하거나 거짓으로 신고하고 관찰물질을 제조하거나 수입한 자\n\n※ 상기 내용엔 생략된 조항이 있을 수 있으며 현재 시행중인 내용이 아닐 수 있습니다. 법령 전문 및 개정사항, 현재 시행 중인 법령은 법제처 국가법령정보센터([https://www.law.go.kr](https://www.law.go.kr/))에서 직접 확인하시기 바랍니다.\n\n*   [네이버페이 이용약관](https://new-m.pay.naver.com/member/terms-policy/npay-usage)|\n*   [전자금융거래 이용약관](https://new-m.pay.naver.com/member/terms-policy/finance)|\n*   [**개인정보처리방침**](https://business.naver.com/privacy/privacy.html)|\n*   [책임의 한계와 법적고지](https://smartstore.naver.com/main/rules/responsibility)|\n*   [청소년보호정책](https://policy.naver.com/rules/youthpolicy.html)|\n*   [권리보호센터](https://right.naver.com/)|\n*   [안전거래 가이드](https://safety.smartstore.naver.com/main/rules/safety)|\n*   [쇼핑&페이 고객센터](https://help.pay.naver.com/)\n\n네이버㈜ 사업자등록번호 220-81-62517|통신판매업신고번호 2006-경기성남-0692호\n\n 대표이사 최수연|경기도 성남시 분당구 정자일로 95, NAVER 1784, 13561\n\n 전화 1588-3819|[사업자등록정보 확인](https://www.ftc.go.kr/bizCommPop.do?wrkr_no=2208162517)고객센터 강원도 춘천시 퇴계로 89 강원전문건설회관\n\n 전화 1588-3819[전화전 클릭](https://help.pay.naver.com/mail/form.nhn)\n\n 결제도용신고 1588-3816\n\n 이메일 [helpcustomer@naver.com](mailto:helpcustomer@naver.com)전자금융거래 분쟁처리 전화 1588-3819\n\n 이메일 [helpcustomer@naver.com](mailto:helpcustomer@naver.com)\n\n네이버㈜는 결제정보의 중개서비스 또는 통신판매중개시스템의 제공자로서, 통신판매의 당사자가 아니며, 상품의 주문, 배송 및 환불 등과 관련한 의무와 책임은 각 판매자에게 있습니다.\n\n또한 판매자와 구매자간의 직거래에 대하여 당사는 관여하지 않기 때문에 거래에 대해서는 책임을 지지 않습니다.\n\n[NAVER](https://www.navercorp.com/)_Copyright ©_[**NAVERCorp.**](https://www.navercorp.com/)All Rights Reserved."
      },
      {
        "platform": "naver",
        "title": "고객센터 - 스마트스토어",
        "url": "https://help.sell.smartstore.naver.com/faq/content.help?faqId=3367",
        "snippet": "홈\n  + 홈\n 회원가입\n  + 신규 회원가입\n  + 초대로 회원가입\n  + 아이디/비밀번호 찾기\n  + 탈퇴/재가입\n  + 네이버 쇼핑 입점\n  + 2단계 인증\n 상품관리\n  + 그룹상품 리뷰이동\n  + 그룹상품 노출 관리\n  + 상품 조회/수정\n  + 상품 등록\n  + 상품 일괄등록\n  + 카탈로그 가격관리\n  + 연관상품 관리\n  + 사진 보관함\n  + 배송정보 관리\n  + 템플릿 관리\n  + 공지사항 관리\n  + 상품정보 검색품질(SEO)\n  + 구독 관리\n  + 상품명 마스터\n  + 등록 정보 검토\n  + 검색 순위 진단\n 쇼핑윈도관리\n  + 쇼핑윈도 상품 조회/수정\n  + 쇼핑윈도 상품 불러오기\n  + 쇼핑윈도 소식 관리\n  + 쇼핑윈도 스토어 관리\n 판매관리\n  + 주문통합검색\n  + 선물 수락대기\n  + 미결제확인\n  + 발주(주문)확인/발송관리\n  + 배송현황 관리\n  + 구매확정 내역\n  + 취소 관리\n  + 반품 관리\n  + 교환 관리 [...] # NAVER 스마트스토어센터\n\n궁금할 땐 톡톡상담하세요!\n\n톡톡상담 [...] + 판매방해 고객관리\n  + 반품안심케어\n 정산관리\n  + 정산 내역 (일별/건별)\n  + 항목별 정산 내역\n  + 빠른정산\n  + 부가세신고 내역\n  + 세금계산서 조회\n  + 비즈월렛 관리\n  + 통합 정산내역\n  + 중소상공인수수료전반\n  + 초보판매자 정산가이드\n  + 우대수수료 환급내역\n  + 매출연동수수료\n 문의/리뷰관리\n  + 문의 관리\n  + 고객문의 관리\n  + 리뷰 관리\n  + 리뷰이벤트 관리\n  + 상품상세 블로그글 노출\n  + 톡톡 상담하기\n  + 톡톡 쇼핑챗봇/AI FAQ 설정\n 스토어관리\n  + 스마트스토어\n  + 카테고리 관리\n  + 쇼핑스토리 관리\n  + 쇼핑라이브 숏클립 등록\n  + 기본정보 관리\n  + API 관리\n  + SNS 설정\n  + 쇼핑윈도 노출 신청\n  + 네이버 서비스 연결\n  + 가격비교 서비스 연결\n 혜택/마케팅\n  + 혜택 등록\n  + 혜택 조회/수정\n  + 혜택 리포트\n  + 포인트 지급관리\n  + 포인트 지급내역 조회",
        "score": 0.060779896,
        "timestamp": "2025-11-29T05:40:52.852515",
        "raw_content": "# [NAVER](http://www.naver.com \"NAVER\") [스마트스토어센터](https://sell.smartstore.naver.com \"스마트스토어센터\")\n\n궁금할 땐 톡톡상담하세요!\n\n[톡톡상담](#)\n\n* 홈\n  + [홈](/faq/list.help?categoryId=11082)\n* 회원가입\n  + [신규 회원가입](/faq/list.help?categoryId=535)\n  + [초대로 회원가입](/faq/list.help?categoryId=536)\n  + [아이디/비밀번호 찾기](/faq/list.help?categoryId=537)\n  + [탈퇴/재가입](/faq/list.help?categoryId=538)\n  + [네이버 쇼핑 입점](/faq/list.help?categoryId=539)\n  + [2단계 인증](/faq/list.help?categoryId=924)\n* 상품관리\n  + [그룹상품 리뷰이동](/faq/list.help?categoryId=11086)\n  + [그룹상품 노출 관리](/faq/list.help?categoryId=11126)\n  + [상품 조회/수정](/faq/list.help?categoryId=540)\n  + [상품 등록](/faq/list.help?categoryId=541)\n  + [상품 일괄등록](/faq/list.help?categoryId=542)\n  + [카탈로그 가격관리](/faq/list.help?categoryId=848)\n  + [연관상품 관리](/faq/list.help?categoryId=649)\n  + [사진 보관함](/faq/list.help?categoryId=543)\n  + [배송정보 관리](/faq/list.help?categoryId=544)\n  + [템플릿 관리](/faq/list.help?categoryId=545)\n  + [공지사항 관리](/faq/list.help?categoryId=546)\n  + [상품정보 검색품질(SEO)](/faq/list.help?categoryId=811)\n  + [구독 관리](/faq/list.help?categoryId=1006)\n  + [상품명 마스터](/faq/list.help?categoryId=10931)\n  + [등록 정보 검토](/faq/list.help?categoryId=11139)\n  + [검색 순위 진단](/faq/list.help?categoryId=11140)\n* 쇼핑윈도관리\n  + [쇼핑윈도 상품 조회/수정](/faq/list.help?categoryId=547)\n  + [쇼핑윈도 상품 불러오기](/faq/list.help?categoryId=548)\n  + [쇼핑윈도 소식 관리](/faq/list.help?categoryId=549)\n  + [쇼핑윈도 스토어 관리](/faq/list.help?categoryId=551)\n* 판매관리\n  + [주문통합검색](/faq/list.help?categoryId=791)\n  + [선물 수락대기](/faq/list.help?categoryId=558)\n  + [미결제확인](/faq/list.help?categoryId=559)\n  + [발주(주문)확인/발송관리](/faq/list.help?categoryId=560)\n  + [배송현황 관리](/faq/list.help?categoryId=561)\n  + [구매확정 내역](/faq/list.help?categoryId=562)\n  + [취소 관리](/faq/list.help?categoryId=563)\n  + [반품 관리](/faq/list.help?categoryId=564)\n  + [교환 관리](/faq/list.help?categoryId=565)\n  + [판매방해 고객관리](/faq/list.help?categoryId=837)\n  + [반품안심케어](/faq/list.help?categoryId=10776)\n* 정산관리\n  + [정산 내역 (일별/건별)](/faq/list.help?categoryId=566)\n  + [항목별 정산 내역](/faq/list.help?categoryId=567)\n  + [빠른정산](/faq/list.help?categoryId=932)\n  + [부가세신고 내역](/faq/list.help?categoryId=568)\n  + [세금계산서 조회](/faq/list.help?categoryId=569)\n  + [비즈월렛 관리](/faq/list.help?categoryId=570)\n  + [통합 정산내역](/faq/list.help?categoryId=571)\n  + [중소상공인수수료전반](/faq/list.help?categoryId=840)\n  + [초보판매자 정산가이드](/faq/list.help?categoryId=10809)\n  + [우대수수료 환급내역](/faq/list.help?categoryId=10867)\n  + [매출연동수수료](/faq/list.help?categoryId=11033)\n* 문의/리뷰관리\n  + [문의 관리](/faq/list.help?categoryId=574)\n  + [고객문의 관리](/faq/list.help?categoryId=575)\n  + [리뷰 관리](/faq/list.help?categoryId=576)\n  + [리뷰이벤트 관리](/faq/list.help?categoryId=857)\n  + [상품상세 블로그글 노출](/faq/list.help?categoryId=10953)\n  + [톡톡 상담하기](/faq/list.help?categoryId=10763)\n  + [톡톡 쇼핑챗봇/AI FAQ 설정](/faq/list.help?categoryId=10764)\n* 스토어관리\n  + [스마트스토어](/faq/list.help?categoryId=577)\n  + [카테고리 관리](/faq/list.help?categoryId=579)\n  + [쇼핑스토리 관리](/faq/list.help?categoryId=652)\n  + [쇼핑라이브 숏클립 등록](/faq/list.help?categoryId=10731)\n  + [기본정보 관리](/faq/list.help?categoryId=580)\n  + [API 관리](/faq/list.help?categoryId=10954)\n  + [SNS 설정](/faq/list.help?categoryId=10965)\n  + [쇼핑윈도 노출 신청](/faq/list.help?categoryId=844)\n  + [네이버 서비스 연결](/faq/list.help?categoryId=847)\n  + [가격비교 서비스 연결](/faq/list.help?categoryId=10967)\n* 혜택/마케팅\n  + [혜택 등록](/faq/list.help?categoryId=608)\n  + [혜택 조회/수정](/faq/list.help?categoryId=663)\n  + [혜택 리포트](/faq/list.help?categoryId=609)\n  + [포인트 지급관리](/faq/list.help?categoryId=10864)\n  + [포인트 지급내역 조회](/faq/list.help?categoryId=799)\n  + [고객등급 관리](/faq/list.help?categoryId=819)\n  + [마케팅 보내기](/faq/list.help?categoryId=918)\n  + [마케팅 이력](/faq/list.help?categoryId=919)\n  + [마케팅 통계](/faq/list.help?categoryId=10728)\n  + [AI 마케팅 효과분석](/faq/list.help?categoryId=10907)\n  + [마케팅 링크 관리](/faq/list.help?categoryId=11058)\n* 브랜드 혜택/마케팅\n  + [고객군 마케팅](/faq/list.help?categoryId=10928)\n  + [타겟팅 성과분석](/faq/list.help?categoryId=10929)\n  + [라운지 노출 관리](/faq/list.help?categoryId=10877)\n  + [라운지 가입 관리](/faq/list.help?categoryId=10878)\n  + [추가 수집 항목 관리](/faq/list.help?categoryId=10879)\n  + [라운지 멤버 관리](/faq/list.help?categoryId=10880)\n  + [라운지 스토리 관리](/faq/list.help?categoryId=10881)\n  + [라운지 통계](/faq/list.help?categoryId=10993)\n* 커머스솔루션\n  + [솔루션 목록](/faq/list.help?categoryId=10768)\n  + [소비자조사](/faq/list.help?categoryId=10900)\n  + [Quick 모니터링 관리](/faq/list.help?categoryId=10902)\n  + [쇼핑 커넥트](/faq/list.help?categoryId=11057)\n* 데이터 분석\n  + [프로모션 진단](/faq/list.help?categoryId=11127)\n  + [스토어분석](/faq/list.help?categoryId=11083)\n  + [요약](/faq/list.help?categoryId=806)\n  + [판매분석](/faq/list.help?categoryId=807)\n  + [마케팅분석](/faq/list.help?categoryId=808)\n  + [쇼핑행동분석](/faq/list.help?categoryId=809)\n  + [시장벤치마크](/faq/list.help?categoryId=810)\n  + [판매성과예측](/faq/list.help?categoryId=871)\n  + [고객현황](/faq/list.help?categoryId=627)\n  + [재구매 통계](/faq/list.help?categoryId=800)\n* 광고관리\n  + [쇼핑버티컬광고](/faq/list.help?categoryId=10946)\n  + [CRM 마케팅 타겟 광고](/faq/list.help?categoryId=11024)\n* 프로모션 관리\n  + [기획전 관리](/faq/list.help?categoryId=845)\n  + [참여형 프로모션 관리](/faq/list.help?categoryId=11061)\n  + [미스터](/faq/list.help?categoryId=927)\n* N배송 관리\n  + [N배송 프로그램](/faq/list.help?categoryId=10834)\n  + [N배송 신청하기](/faq/list.help?categoryId=1005)\n  + [N배송 재고관리](/faq/list.help?categoryId=11054)\n  + [N배송 입고관리](/faq/list.help?categoryId=11116)\n  + [N배송 리포트관리](/faq/list.help?categoryId=11102)\n  + [물류비 청구내역](/faq/list.help?categoryId=11103)\n  + [풀필먼트 주문 조회](/faq/list.help?categoryId=10942)\n  + [N판매자배송 신청](/faq/list.help?categoryId=10986)\n  + [N판매자배송 운영](/faq/list.help?categoryId=10985)\n  + [판매자 창고 운영](/faq/list.help?categoryId=10944)\n* 판매자 정보\n  + [내정보](/faq/list.help?categoryId=581)\n  + [판매자 정보](/faq/list.help?categoryId=582)\n  + [매니저 관리](/faq/list.help?categoryId=10727)\n  + [판매자 등급](/faq/list.help?categoryId=611)\n  + [정보 변경 신청](/faq/list.help?categoryId=583)\n  + [양도양수](/faq/list.help?categoryId=922)\n  + [사업자 전환](/faq/list.help?categoryId=584)\n  + [상품판매권한 신청](/faq/list.help?categoryId=855)\n  + [고객확인제도](/faq/list.help?categoryId=923)\n  + [심사내역 조회](/faq/list.help?categoryId=10726)\n  + [판매자 지원 프로그램](/faq/list.help?categoryId=10711)\n  + [성장 마일리지](/faq/list.help?categoryId=11091)\n  + [굿서비스 점수](/faq/list.help?categoryId=11125)\n* 공지사항\n  + [공지사항](/faq/list.help?categoryId=10730)\n* 공통/기타\n  + [판매자센터 기본 이용방법](/faq/list.help?categoryId=586)\n  + [스마트스토어센터 알림](/faq/list.help?categoryId=868)\n  + [쇼핑라이브](/faq/list.help?categoryId=883)\n  + [사장님 보험](/faq/list.help?categoryId=933)\n  + [스마트스토어 사업자 대출](/faq/list.help?categoryId=934)\n  + [사업자대출 대출안심케어](/faq/list.help?categoryId=989)\n  + [정책지원금](/faq/list.help?categoryId=10769)\n  + [스마트플레이스 사업자 대출](/faq/list.help?categoryId=10782)\n  + [커머스API센터](/faq/list.help?categoryId=10783)\n  + [네이버페이 마이비즈](/faq/list.help?categoryId=10787)\n  + [스마트스토어 보증서 대출](/faq/list.help?categoryId=10909)\n  + [API데이터솔루션(통계)](/faq/list.help?categoryId=10943)\n  + [안전거래 정책](/faq/list.help?categoryId=10979)\n\n* [1:1 문의하기](/mail/form.help)\n* [1:1 문의내역](/mail/history.help)\n* [신고하기](/mail/form.help?alias=shopn_accuse)\n* [원격지원서비스](http://61.247.209.91/users/main/join.html)\n\n[스마트스토어센터 *사용자 매뉴얼*](https://sell.smartstore.naver.com/#/center-notice/list/MANUAL)\n\n[좌측 내비게이션 숨기기](#)\n\n## 고객센터\n\n**FAQ**\n\n전체\n\n* 전체\n* 홈\n* 회원가입\n* 상품관리\n* 쇼핑윈도관리\n* 판매관리\n* 정산관리\n* 문의/리뷰관리\n* 스토어관리\n* 혜택/마케팅\n* 브랜드 혜택/마케팅\n* 커머스솔루션\n* 데이터 분석\n* 광고관리\n* 프로모션 관리\n* N배송 관리\n* 판매자 정보\n* 공지사항\n* 공통/기타\n\n* [자주 묻는 질문](#)\n* [★ 메뉴 활용 방법](#)\n* [2단계 인증](#)\n* [가입 절차](#)\n* [고객확인제도](#)\n* [수수료의 종류](#)\n* [상품등록](#)\n* [발송처리](#)\n* [자동 구매확정](#)\n* [부가세신고](#)\n\n### 상품 등록\n\n* ★ 상품등록 메뉴 활용방법\n* ★ '상품 등록' 관련 자주 묻는 질문\n* 상세설명은 어떻게 작성하나요?\n* '옵션'은 어떻게 등록하나요?\n* 선택형 옵션 등록 시 '단독형' 과 '조합형'은 무엇인가요?\n* 옵션 등록방식 중 '선택형' 과 '직접입력형'은 무엇인가요?\n* '옵션' 등록 시 옵션가 제한이 있나요?\n* 등록한 상품이 '네이버쇼핑'에 노출되지 않아요. 왜 그런가요?\n* '추가상품'은 어떻게 등록하나요?\n\n  추가상품 기능은 기본 상품을 등록하면서 세트로 함께 구매하기 좋을 만한 상품을 등록할 수 있도록 제공되고 있으며, 기능에 맞게 상품을 구성해 주세요.\n\n  **! 주의.** 상품 등록/수정 시 [검색설정] 영역이 확인되지 않는다면 좌측 하단 '노출설정'메뉴에서 선택항목을 확인해 주세요.   \n\n  **​**\n\n  **추가상품 등록 기준** (추가상품 등록 주의사항)\n\n  1. '기본상품'과 '추가상품'은 동일 상품군으로 등록 불가 (다른 상품군으로 등록 가능) \n\n     · 올바른 등록 예시) 기본상품 카메라, 추가상품 삼각대\n\n     · 위반 등록 예시) 기본상품 리스테린, 추가상품에 같은 리스테린을 개수만 달리하여 등록\n\n  2. 도서상품은 '추가상품' 등록 불가\n\n  3. '기본상품'과 부가세유형(과세/면세/영세 상품) 이 다른 경우 '추가상품' 등록 불가\n\n  4. 전통주 상품은 '추가상품' 등록 불가\n\n  추가상품 등록 기준 상세 사항은 공지사항에서도 확인 가능합니다.\n\n  **[추가상품 등록 기준 공지 바로가기](https://sell.smartstore.naver.com/#/center-notice/detail/100009527)》**\n\n  **​** \n\n  **추가상품 등록 방법**\n\n  추가상품은 PC를 통해 아래 입력 방식으로 등록 가능합니다. (모바일 환경에서는 등록 및 수정 불가)\n\n  · 직접 입력하기 : 상품 등록페이지에서 직접 입력할 수 있습니다.\n\n  · 엑셀 일괄등록 : 엑셀 양식에 맞춰 내용 작성 후 엑셀 파일 업로드를 통해 등록 가능합니다.       \n\n  · 다른상품 추가상품 불러오기 : 다른 상품에 등록된 추가상품의 정보를 불러옵니다. **추가상품 정보가 등록되어 있지 않은 상품은 불러오기 시 노출되지 않습니다.**\n\n  직접 입력하기 화면)\n\n  1. 추가상품명은 최대 10개까지 설정할 수 있으며, 최대 500개까지 등록 가능합니다.\n\n  **※ 참고.** 23/11/15(수)부터 추가상품 등록 가능 개수가 변경되었습니다. **[추가상품 개수 조정 안내 공지사항 보러가기](https://sell.smartstore.naver.com/#/center-notice/detail/100014363)》**\n\n  2. 정렬 순서는 등록순, 가나다순, 낮은 가격순, 높은 가격순으로 설정 가능합니다.\n\n  3. 추가상품 입력 란에 추가상품명, 추가상품값, 추가상품가를 각각 입력해주셔야 합니다.\n\n   · 추가상품명 : 해당 추가상품이 어떤 종류의 상품인지 기재합니다. (벨트, 넥타이, 마우스 등)\n\n   · 추가상품값 : 추가상품명에 해당하는 선택사항을 기재합니다. 상품명은 하나당 최대 40자까지 입력 가능합니다. \n\n    (넥타이일 경우 색상, 혹은 종류 등을 ,(컴마)를 사용하여 나열합니다. ex : 화이트, 베이지, 네이비, 블랙 등)\n\n   · 추가상품가 : 추가상품값의 순서에 맞춰 해당 상품의 금액을 입력합니다. (10원 단위로 입력 가능)\n\n  추가상품 내용 입력 후 '목록으로 적용' 시 노출 예시)\n\n   \n\n  1. 재고수량 : 숫자 클릭시 입력 가능합니다. 품절인 경우 재고수량 입력시 판매중으로 변경됩니다.\n\n  2. 각 항목 입력 후 하단의 적용시킬 목록 체크하여 선택목록 일괄수정 클릭 시 일괄수정 됩니다.\n\n  **※ 참고.**\n\n  · 추가상품의 발송기한은 본상품(기본상품) 기준과 동일하게 적용됩니다.\n\n  · 결제여부를 '설정안함'으로 선택한 경우 '추가상품' 항목 비노출됩니다.\n\n  · 등록 상품의 사이즈, 색상 등 구매의 상세 조건 설정이 필요하시다면 추가상품이 아닌 \"옵션\"으로 설정해 주세요. \n\n  · 추가상품 영역은 배송비를 별도로 설정하실 수 없습니다.\n\n  · 추가상품 구매 시 배송비가 추가로 발생할 경우 구매자가 구매 전 확인할 수 있도록 상세페이지 등에 기재해주시고 별도로 받아주셔야 합니다.\n\n  · 최소/최대구매수량 설정은 단품 또는 옵션 항목에만 적용되며, 추가상품 항목은 적용되지 않습니다.  \n\n  · 이미 추가상품 옵션 개수가 500개 초과 등록되었을 경우 상품 수정 시 500개 이하로 수정해주셔야 합니다.\n\n  · 엑셀 일괄 수정을 통해 '추가상품'을 등록 시 브랜드명을 변경하지 않았어도, 기설정된 브랜드ID가 삭제되어 반영됩니다.(카탈로그 ID는 삭제되지 않음)\n\n    만약 브랜드 ID를 추가 등록 해야한다면  [상품관리 >상품 조회/수정] 메뉴에서 상품마다 개별 등록이 필요합니다. (브랜드 ID가 삭제되어도 쇼핑검색에 영향을 주지는 않습니다.)\n\n  · 추가상품 기능은 기본 상품을 등록하면서 세트로 함께 구매하기 좋을 만한 상품을 등록할 수 있도록 제공되는 기능으로\n\n    만약 본상품과 추가구성 상품의 배송방법이 상이한 경우 추가구성 상품으로 등록은 불가능하며 별도로 등록하셔야 합니다.\n\n           \n\n  위 도움말이 도움이 되었나요?\n\n  도움말에 대한 소중한 의견은 서비스 개선에 큰 도움이 됩니다. 만약, 궁금하신 내용이 있다면 고객센터로 문의주시면 친절히 안내해 드리겠습니다.\n\n  도움말 닫기\n* '네이버쇼핑'에 상품 노출은 어떻게하나요?\n* 상품 등록 시 '이 카테고리는 등록권한이 필요합니다' 라고 노출됩니다. 어떻게 해야 하나요?\n* 상품 등록 시 이미지 권장 사이즈 및 확장자는 어떻게 되나요?\n* 상품 구매/리뷰 작성 시 구매자에게 Npay 포인트를 지급할 수 있나요?\n* '무이자 할부' 설정이란 무엇인가요?\n* 등록한 '태그'로 검색 시 상품이 검색되지 않아요.\n* 'Page Title , Meta description' 은 무엇인가요?\n* '구매수량'을 제한할 수 있나요?\n* '복수구매할인'은 무엇인가요?\n* '즉시할인'은 어떻게 설정하나요?\n* '임시저장' 한 상품이 삭제되었습니다. 왜그런가요?\n* '해외구매대행'으로 판매할 수 없는 상품은 어떤 것이 있나요?\n* '리뷰' 노출여부를 설정할 수 있나요?\n* 주문이 취소/반품되면 상품의 재고수량이 복구되나요?\n* [쇼핑윈도 전용] 쇼핑윈도 상품은 어떻게 등록하나요?\n* [풀필먼트] '네이버 풀필먼트'는 어떻게 설정하나요?\n* 상품등록 시 스마트스토어와 쇼핑윈도에 함께 노출하려면 어떻게 해야 하나요?\n* [쇼핑윈도 전용] 상품등록 시 '베스트' 는 무엇인가요?\n* '옵션 / 추가상품'도 일괄등록이 가능한가요?\n* 옵션/추가상품 등록 시 '올바른 파일 형식이 아닙니다'로 확인됩니다. 어떻게 해야 하나요?\n* 에누리/다나와에 상품을 어떻게 노출 시킬 수 있나요?\n* 알림받기 동의 회원 전용상품은 무엇인가요?\n* 상품을 등록/수정하면 '네이버쇼핑'에 언제 반영되나요?\n* 스마트스토어와 쇼핑윈도 둘다 운영 시 이미지, 상세정보 등을 다르게 설정할 수 있나요?\n* [정기구독] 정기구독 상품을 그룹 설정시 유의할 점이 있나요?\n* [모바일 전용] SmartEditorONE(스마트에디터) 작성 후 브라우저가 정상적으로 작동하지 않아요. 어떻게 하나요?\n* 상품등록 시 '노출 설정'은 무엇인가요?\n* [쇼핑윈도 전용] '윈도에 노출할 수 없는 카테고리입니다.' 라고 노출됩니다. 어떻게 해야 하나요?\n* [쇼핑윈도 전용] '상품등록 시 최대 8개만 베스트 설정이 가능합니다.' 라고 노출됩니다. 어떻게 해야하나요?\n* 네이버앱(안드로이드)에서 사진 업로드가 되지 않아요.\n* 상품등록 시 임시저장의 저장 건수가 기존과 상이합니다.\n* 상품 임시저장은 최대 몇개까지 가능한가요?\n* [쇼핑윈도 전용]'결제여부'란 무엇인가요?\n* 상품의 '배송' 정보는 어떻게 등록하나요?\n* 상품등록 시 제한되는 특수문자는 무엇인가요?\n* 즉시할인 설정시 수수료 적용기준은 판매가인가요?\n* 상품등록 시 미리보기가 되지 않아요.\n* [쇼핑윈도 전용] 쇼핑윈도,스마트스토어 채널에 동시 노출하게 하려면 상품은 어떤 서비스 기준으로 등록해야 하나요?\n* [쇼핑윈도 전용] 쇼핑윈도에만 상품 노출 가능한가요?\n* 태그는 직접입력형으로 몇개까지 설정 가능한가요?\n* 홍보문구는 어디에서 입력하나요?\n* 스마트스토어전용 상품명 사용, 쇼핑윈도전용 상품명 사용은 무엇인가요?\n* 모바일에서 상품등록 시 사진이 복수로 선택되지 않아요.\n* 브랜드/카탈로그/제조사를 입력했는데, 네이버 쇼핑 검색결과에 상품이 노출되지 않아요.\n* 지역별 추가 배송비의 2권역, 3권역이 무엇인가요?\n* 상품저장 시 '상세정보 항목이 유효하지 않습니다'로 노출돼요.\n* [쇼핑윈도/패션타운] 쇼핑윈도 상품검수 가이드는 어디서 확인하나요?\n* '어린이제품 공급자 적합성 확인' 항목을 선택할 때 인증정보를 어떻게 기재해야 하나요?\n* HTML 입력 후 SmartEditorONE(스마트에디터)으로 변환이 가능한가요?\n* KC인증이 필요한 상품인데 인증번호 없이 판매하고 있습니다. 어떻게 해야 하나요?\n* KC인증 > KC 인증대상 > 인증선택에 \"필수 정보입니다.\"라고 나와요. 어떻게 하나요?\n* 어린이제품인증 > 어린이제품 인증대상 > 인증선택에 \"필수 정보입니다.\"라고 나와요. 어떻게 하나요?\n* 친환경인증 > 친환경 인증대상 > 인증선택에 \"필수 정보입니다.\"라고 나와요. 어떻게 하나요?\n* 해외구매대행 상품으로 이전에는 KC인증 없이 상품판매를 했는데, 현재는 KC인증을 받아야 한다고 노출돼요.\n* 대행사에서 상품명 수정하였으나 스마트스토어에는 변경 전 상품명으로 노출돼요.\n* 네이버쇼핑에 '해외' 아이콘을 노출하고 싶어요.\n* 스마트스토어에서 취급 불가한 상품이 있나요?\n* HTML 영역에 외부링크를 등록할 수 있나요?\n* 상품 저장 시 '정상적으로 스마트에디터로 작성하지 않았습니다.'라는 얼럿이 노출됩니다.\n* 상품의 대표이미지를 수정하였으나, 네이버쇼핑 내 썸네일 이미지가 반영되지 않아요.\n* ​양도양수 시 임시저장한 상품도 모두 양도양수가 되나요?\n* 임시저장된 상품은 모바일/PC에서 모두 확인가능한가요?\n* 최소구매수량 입력하니 \"최소 2개 이상 입력해 주세요\"라고 노출돼요\n* [해외 판매자 전용] 건강기능식품 판매 가능한가요?\n* 움직이는 이미지(gif) 등록 가능한가요?\n* 상품 상세 작성 시 '직접 작성'과 'HTML 작성'의 차이가 무엇인가요?\n* HTML 소스 입력 시 '알수 없는 오류가 발생되었습니다.\"로 노출돼요.\n* 상품정보 제공고시가 무엇인가요?\n* A/S 전화번호 항목은 어떻게 입력해야 하나요?\n* 상품 주요정보는 무엇인가요?\n* 구매/리뷰 혜택 조건 입력 시 유의사항이 있나요?\n* 검색설정 등록 시 유의사항을 알려주세요\n* 판매자 특이사항엔 어떤 내용을 기재해야 하나요?\n* 상품 등록 시 카테고리는 어떻게 설정해야 하나요?\n* Npay 포인트 설정 한도는 얼마까지 가능한가요?\n* 검색설정의 Page Title / Meta description은 무엇인가요?\n* 임시저장 활용 가이드\n* 구매대행 상품이 아니나, '이 카테고리는 등록권한이 필요합니다'로 노출돼요.\n* 택/케어라벨 이미지는 어떤 이미지를 등록해야 하나요?\n* 택 이미지 분석이 되지 않았어요.\n* 상품을 쇼핑윈도 페이지만 노출 시킬 수 있나요?\n* 상품 상세페이지가 정상적으로 노출되지 않아요.\n* 상품의 대표이미지, 추가이미지를 gif로 등록했는데 움직이지 않아요.\n* 인증정보를 입력했는데도 계속 인증 정보를 등록하라는 메시지가 나와요.\n* 상품 등록/수정 시 일부 항목이 보이지 않아요.\n* 상품상세 페이지에서 리뷰 영역을 안나오게 설정 할 수 있나요?\n* 오늘출발은 어떻게 등록하나요?\n* 오늘출발 설정 시 주의할 점이 있나요?\n* 일부 옵션만 오늘출발로 설정하고 싶으면 어떻게 등록하나요?\n* 상품별로 오늘출발 기준시간을 설정할 수 있나요?\n* 오늘출발로 설정한 상품의 주문 건이 오늘출발로 표시되지 않습니다.\n* 상품 일괄등록으로 오늘출발 상품을 등록할 수 있나요?\n* 오늘출발 가능 옵션 설정이 체크되지 않아요. 왜 그런가요?\n* 청약철회(반품/교환) 시 주의해야할 사항이 있나요?\n* 상품명 등록 기준을 알고 싶어요\n* '옵션' 등록 시 글자수에 제한이 있나요?\n* 브랜드는 왜 입력해야 하나요?\n* 모델명은 어떻게 등록하고 수정하나요?\n* 개인통관고유부호 설정은 어떻게 하나요?\n* 맞춤제작 상품은 어떻게 등록하나요?\n* 상품 일괄등록으로 맞춤제작 상품을 등록할 수 있나요?\n* 맞춤제작 상품으로 설정 시 주의할 점이 무엇인가요?\n* 주문확인 후 제작 상품등록 시 발송예정일을 직접입력 할 수 없나요?\n* 취급하는 상품이 전안법 대상인지 확인할 수 있나요?\n* 해외구매대행 상품의 경우 KC인증정보는 어떻게 기재하나요?\n* 어린이 제품은 전안법 대상인가요?\n* 상품 상세설명에 KC인증에 대한 정보가 있는데, 상품 등록 시 별도로 등록해야 하나요?\n* 의류, 접속성 금속장신구(악세사리)도 인증대상인가요?\n* 기존 상품을 수정하려고 하니 안전기준준수대상 카테고리로 노출됩니다, 인증정보를 입력해야하나요?\n* KC 인증대상아님으로 등록한 상품입니다. 어떻게 해야 하나요?\n* 인증대상을 언제까지 입력해야 하나요? 수정하지 않으면 제재가 있나요?\n* 상품등록 시 안전기준준수대상 카테고리로 노출됩니다. 인증정보를 입력해야 하나요?\n* 병행수입/구매대행상품입니다. 기존상품을 수정해야 하나요?\n* 어린이제품 카테고리에 상품을 등록하는데. KC인증도 함께 등록해야 하나요?\n* '색상/사이즈 간편 입력'이 무엇인가요?\n* 옵션 '재고수량 관리하기'는 무엇인가요?\n* 배송비는 최대 얼마까지 입력 가능한가요?\n* SmartEditorONE(스마트에디터) 이미지 등록 시 제한사항이 있나요?\n* 오늘출발 휴무일 설정 방법이 무엇인가요?\n* 오늘출발 가능수량은 어떻게 되나요?\n* 오늘출발 가능수량을 설정한 상품은 어떻게 조회하나요? (품절/임박 포함)\n* KC인증은 어떻게 등록하나요?\n* 동영상 등록기준은 무엇인가요?\n* [아트윈도 전용] 작가 페이지에 상품이 노출되지 않아요.\n* \"도서\" 상품 등록 시 주의사항이 있을까요?\n* SmartEditorONE(스마트에디터) 컴포넌트 중 텍스트.사진 편집 기능이 있나요?\n* 희망일배송이 무엇인가요?\n* 희망일배송은 어떻게 등록하나요?\n* 희망일배송은 묶음배송이 불가한가요?\n* 희망일배송은 지역별 차등 배송비를 입력할 수 없나요?\n* 희망일 배송그룹에서 배송휴무일 설정 시 격주는 설정 할 수 없나요?\n* 배송속성을 '희망일배송'->'일반배송/오늘출발'로 바꿀 수 있나요?\n* 예약구매 등록 방법을 알고 싶어요.\n* 예약구매란 무엇인가요?\n* 예약구매를 등록할 수 있는 조건이 있나요?\n* 예약구매+주문확인 후 제작 상품으로 등록하려는데, 주문확인 후 제작의 발송예정일을 설정할 수 없습니다.\n* 예약구매 상품상세에 배송기간이 보이지 않아요.\n* 예약구매 상품 등록 후 씨앗 등급으로 변경되었습니다. 이미 등록한 상품은 어떻게 되나요?\n* 예약구매 상품 등록 시 유의사항이 있나요?\n* 예약구매 최소주문수량은 무엇인가요?\n* 예약구매 설정을 변경하고 싶어요.\n* 예약구매 주문종료 후 재판매 가능한가요?\n* 예약구매 최소주문수량에 미달하면 주문 건 처리는 어떻게 해야하나요?\n* 판매가 입력 시 제한이 있나요?\n* 포인트 설정 시 포토/동영상 리뷰 설정이 안돼요.\n* 조합형 옵션을 사용중이며 옵션별 오늘출발 가능을 설정했으나 옵션 설정 내역이 반영되지 않았어요.\n* 상품의 대표이미지를 동영상으로 등록할 수 있나요?\n* HTML 등록 시 오류메세지가 뜹니다. 어떻게 해야 하나요?\n* SmartEditorONE(스마트에디터)에서 HTML 변환 시 특정 이미지만 작게 노출됩니다. 왜 그런가요?\n* 구매/혜택 조건을 설정하였으나, 구매자에게 포인트가 지급되지 않았어요.\n* 상품등록 또는 상품수정 시 임시저장 버튼이 노출되지 않아요.\n* SmartEditorONE(스마트에디터)로 작성 후 저장 버튼이 노출되지 않아요.\n* SmartEditorONE(스마트에디터)에서 동영상 등록 시 사이즈가 작게 노출됩니다. 왜 그런가요?\n* SmartEditorONE(스마트에디터)에서 이미지 링크를 넣을 경우 크기 기준은 어떻게 되나요?\n* 상품 등록/수정 시 브랜드 인증 권한이 없다고 노출됩니다.\n* 스마트에디터 ONE으로 이미지태그 방법\n* 스마트에디터 ONE 관련 자주 묻는 질문\n* 스마트에디터 ONE에서 사진 업로드 시 \"일시적으로 파일전송을 사용할 수 없습니다.\" 오류가 노출됩니다. 어떻게 해야 하나요?\n* 검색설정 등록 시 요즘 뜨는 HOT 태그가 노출되지 않아요. 왜 그런가요?\n* '1인 구매 최대 구매수량'을 설정한 경우, 설정완료일 이후부터 수량 집계되나요?\n* 원산지 입력했으나 페이지에 노출되지 않아요.\n* KC 인증 > '제품 인증정보 확인'버튼 클릭 시 인증정보가 존재하지 않는다고 합니다.\n* 스마트에디터 ONE에서 '장소' 이용 시 입력한 주소가 검색되지 않습니다.\n* 원산지 등록 시 '원산지 다른 상품 함께 등록'은 무엇인가요?\n* 판매자 상품코드로 검색 시 해당 상품 조회되지 않습니다.\n* \"옵션가\" 등록 시 주의사항이 있을까요?\n* 오늘출발 설정 후 아이콘은 어떻게 노출 되나요?\n* 상품 등록 시 '작업 중 오류가 발생하였습니다.'라는 알림창이 노출됩니다.\n* 상품 상세페이지 상단 블로그, 카페, 저장, 공유하기 버튼이 노출되지 않습니다.\n* \"도서\" 정가제 미적용 상품인데 어떻게 등록해야 하나요?\n* SmartEditorONE(스마트에디터)에서 '내 템플릿' 삭제는 어떻게 하나요?\n* 원산지 등록 기준이 어떻게 되나요?\n* 태그 등록 시 태그명 옆 번호는 왜 노출되나요?\n* 예약구매 등록 시 현재 주문수량 및 준비수량을 미노출하고 싶습니다. 어떻게 해야 하나요?\n* '1인 구매 최대 수량'을 설정했는데 설정한 수량보다 추가 결제되었습니다. 왜 그런가요?\n* KC인증 항목 내 인증명칭이 없을 경우 상세설명에 기재해도 괜찮은가요?\n* 상품 등록 시 '제조사/카탈로그/제조일자를 입력해주세요.'라고 문구가 노출됩니다.\n* 선결제 상품인데 '착불/판매자와 사전협의'문구가 노출됩니다. 왜그런가요?\n* 비실물 서비스 이용권 상품 판매 시 유의할 사항이 있나요?\n* 예약구매 주문기간(시작일) 이전에는 판매가 불가한가요?\n* 상품등록중 미리보기 시 다른 정보가 노출되거나, 기능이 활성화되지 않습니다. 왜 그런가요?\n* 구매/혜택 조건 중 상품 구매 시 포인트 지급 기준은 어떻게 되나요?\n* 상품상세페이지 상하단에 \"도서\" 정보를 노출하고 싶어요.\n* 태그 설정은 어디서 하나요?\n* 네이버쇼핑에서 '오늘출발'아이콘이 노출되지 않습니다. 왜 그런가요?\n* SmartEditorONE(스마트에디터)에서 레이아웃 '편집'을 통해 이미지 크기를 변경하였으나, 적용되지 않습니다.\n* [풀필먼트] 상품에 풀필먼트를 설정하면 어떤 점이 좋나요?\n* [풀필먼트] 단독형 옵션은 풀필먼트를 설정 할 수 없나요?\n* [풀필먼트] 추가상품 등록 시 유의사항\n* [풀필먼트] 반품/교환지를 꼭 물류사 주소지로 해야하나요?\n* 고객이 리뷰 작성 시 제공받는 포인트는 중복 지급이 가능한가요?\n* 상품 대표이미지 확대 기능 소개\n* 반품/교환 택배사 설정 시 보조 반품택배사가 기본값으로 노출되도록 설정 가능한가요?\n* gif 이미지가 일부만 노출됩니다. 왜 그런가요?\n* '특별 추가구매적립' 기준이 어떻게 되나요?\n* 상품 등록 시 로그아웃이 진행되며, 재로그인 시 보안문자를 입력하도록 노출됩니다. 왜 그런가요?\n* SmartEditorONE(스마트에디터)에서 추가한 템플릿이 다른 아이디로 접속 시 공유되지 않습니다.\n* 결제한도가 존재하는 카테고리가 있나요?\n* 상품 등록 시 '택배,소포,등기'를 선택하면 택배사 항목이 노출됩니다. 필수로 설정해야 하나요?\n* 상품 등록 시 설정한 택배사와 발송처리 택배사가 동일해야 하나요?\n* 상품등록 시 설정한 택배사는 어디에 노출되나요?\n* 상품 구매 시 지급받을 수 있는 포인트는 최대 얼마인가요?\n* 상품상세 페이지 리뷰 영역에 옵션 필터가 노출 되는 조건은 무엇인가요?\n* 조합형 옵션 사용여부를 N으로 설정했는데 옵션필터에 노출됩니다.\n* 상품 상세페이지 내 사은품 이미지는 어떻게 등록하나요?\n* 구매/혜택 내 사은품 이미지 등록 시 어디에 노출되나요?\n* 상품 등록 시 '설정된 상품속성 단위가 유효하지 않습니다.' 라고 노출됩니다. 어떻게 해야 하나요?\n* 상품 상세 작성 시 이미지 레이아웃 설정(콜라주,슬라이드)은 어떻게 하나요?\n* 스마트스토어 앱(iOS) 이용중 사진보관함에서 사진 선택 시 이미지 불러오기 실패가 발생돼요.\n* 상품상세에 상품링크 연결 시 다른 스토어의 링크를 연결해도 가능한가요?\n* [풀필먼트] 상품 내 풀필먼트 설정하였으나 풀필먼트 사용 중 API 연동 오류가 발생되어 출고처리가 되지 않았어요\n* 해외 수입 '향수' 상품의 판매자격과 상품 기준을 강화하는 이유는 무엇인가요?\n* [풀필먼트] 풀필먼트 상품 등록 시 제한되는 것이 있나요?\n* [풀필먼트] 물류사에 따라 제한되는 것이 있나요?\n* [풀필먼트] 풀필먼트 상품 등록 시 묶음배송 유의 사항\n* [풀필먼트] 풀필먼트 상품은 출고지를 선택할 수 없나요?\n* [풀필먼트] 오늘출발 상품 등록 시 주의해야 할 사항이 있나요?\n* [풀필먼트] N배송 상품 등록 시 주의해야 할 사항이 있나요?\n* 렌탈상품은 어떻게 등록할 수 있나요?\n* [쇼핑라이브 숏클립] 상품 대표이미지 영역에 숏클립을 노출하려면 어떻게 해야 하나요?\n* 유아 도서 카테고리 ISBN 검사 시 '유효하지 않는 값입니다.'라고 확인됩니다.\n* 상품 일괄등록으로 '택배사코드'를 입력했는데 '택배사를 필수로 입력해야 합니다.'문구가 확인됩니다.\n* 상품 상세페이지 내 '영수증발급' 항목을 직접 입력할 수 있나요?\n* [쇼핑라이브 숏클립] 라이브 숏클립 설정 시, 숏클립 상태가 유효하지 않다고 나옵니다. 왜 그런가요?\n* [쇼핑라이브 숏클립] 상품에 노출할 숏클립을 설정하였으나, 상품 대표이미지에 반영되지 않습니다. 왜 그런가요?\n* [쇼핑라이브 숏클립] 상품에 노출할 숏클립의 정보 수정(공개 여부 / 숏클립에 소개할 상품 수정)은 어떻게 하나요?\n* [쇼핑라이브 숏클립] 대표이미지 내 '숏클립 보기'를 통해 유입 및 결제될 경우 수수료는 어떻게 부과되나요?\n* [라운지(브랜드스토어 전용)] 라운지 전용상품의 '상품정보 공개용'과 '상품정보 미공개용'의 차이는 무엇인가요?\n* [라운지(브랜드스토어 전용)] 라운지 전용 상품 구매 시 라운지 전용 상품 여부, 라운지 멤버 여부를 판단하는 시점은 어떻게 되나요?\n* [라운지(브랜드스토어 전용)] 라운지 전용 상품과 알림받기 전용 상품을 동시에 설정할 수 있나요?\n* 상품 상세설명 등록 시 용량 제한이 있나요?\n* 상품 상세페이지에 설명이 다 보이지 않아요.\n* [네이버쇼핑] 브랜드, 제조사 등록은 어떻게 하나요?\n* 출시일 정책 안내\n* 상품명에 '원산지 정보'가 표기됩니다. 왜 그런가요?\n* 제조사는 왜 입력해야 하나요?\n* N배송 상품 묶음배송 설정 시 유의사항\n* SmartEditorONE(스마트에디터)에서 등록한 폰트의 크기가 다릅니다. 왜 그런가요?\n* [네이버쇼핑] 브랜드 제조사 등록 요청 했으나 기준에 맞지 않아 등록이 거부되었어요.\n* 모델명을 '카탈로그로 입력'으로 하고 싶은데, 원하는 카탈로그가 검색되지 않아요.\n* 상품 상세페이지에 \"함께 구매하고 배송비 절약해보세요\" 노출 기준은 어떻게 되나요?\n* 전통주 상품 등록 시 유의사항이 있나요?\n* 스토어 가입 승인 완료 후, \"현재 운영되고 있지 않습니다.\"라고 노출됩니다.\n* 구매/혜택 조건 중 상품구매 시 포인트 지급의 '특별 추가구매적립' 기준을 알려주세요.\n* 예약할인이 무엇인가요?\n* 네이버 쇼핑에 홍보문구(이벤트 필드) 노출은 어떻게 하나요?\n* [빠른상품 등록 솔루션] 빠른상품 등록은 어떻게 사용할 수 있나요?\n* [빠른상품 등록 솔루션] 모든 카테고리에서 사용 가능한가요?\n* [빠른상품 등록 솔루션] 솔루션 이용 후 스마트스토어 앱에서 기존 상품등록 서비스는 사용할 수 없나요?\n* [빠른상품 등록 솔루션] 기존의 상품등록과 무엇이 다르나요?\n* [빠른상품 등록 솔루션] 빠른상품 등록/수정을 완료하면 바로 스토어에 상품이 노출되나요?\n* [빠른상품 등록 솔루션] 기존 PC를 통해 이미 등록 완료된 상품도 '빠른상품수정'으로 수정 가능할까요?\n* [빠른상품 등록 솔루션] 빠른상품등록으로 등록한 상품도 스마트스토어 상품과 동일하게 취급되나요?\n* [빠른상품 등록 솔루션] 배송 및 AS 정보(부가정보 페이지)는 한 번만 등록 가능하다고 하는데, 수정 필요하면 어떻게 하나요?\n* [빠른상품 등록 솔루션] 옵션 재고 별 수량 입력했는데 총 재고수량이 입력되어있어요.\n* [빠른상품 등록 솔루션] 이미 등록된 상품을 빠른상품등록으로 수정하고 싶은데, 필수값만 노출되어있어요. 수정하면 값이 모두 초기화되나요?\n* [빠른상품 등록 솔루션] 미리 어떻게 상품이 등록되는지 미리보기를 볼 수는 없나요?\n* [빠른상품 등록 솔루션] 할인가는 입력 불가능한가요?\n* [빠른상품 등록 솔루션] 복사 기능은 사용이 안되나요?\n* [빠른상품 등록 솔루션] 임시 저장 기능은 제공되지 않나요?\n* [빠른상품 등록 솔루션] 옵션별 가격은 사용할 수 없나요?\n* [빠른상품 등록 솔루션] '빠른상품수정'기능을 통해 수정하는데, '수정이 불가한 상품군'이라고 노출돼요. 왜 그런가요?\n* [빠른상품 등록 솔루션] 스마트스토어와 쇼핑윈도 동시 운영중입니다. 스마트스토어 앱 빠른상품 등록/수정 메뉴를 통해 상품 등록/수정 할 수 있나요?\n* [빠른상품 등록 솔루션] 솔루션 결제 후 빠른상품 수정 메뉴에 접속 했으나 윈도 상품이 확인되지 않습니다. 왜그런가요?\n* [그룹상품] 카테고리는 어떻게 설정해야 하나요?\n* [그룹상품] 상품명 등록 기준을 알고 싶어요.\n* [그룹상품] '판매옵션'은 어떻게 등록하나요?\n* [그룹상품] '할인'이란 무엇인가요?\n* [그룹상품] 모델명은 어떻게 등록하고 수정하나요?\n* [그룹상품] 원하는 카탈로그 및 구매조건이 없어요.\n* [그룹상품] '추가상품'은 어떻게 등록하나요?\n* [그룹상품] 구매/리뷰 혜택 조건 입력 시 유의사항이 있나요?\n* [그룹상품] 추가문구는 무엇인가요?\n* [그룹상품] '검색노출 그룹'은 무엇인가요?\n* ‘카탈로그 연결상태’란 무엇인가요?\n* [그룹상품] 등록한 그룹상품은 검색 리스트, 상품 상세페이지에 어떻게 노출되나요?\n* 모바일과 PC 할인을 각각 설정하고 싶은데 왜 통합된건가요?\n* [그룹상품] 판매옵션값 입력 가이드\n* Npay 포인트·머니는 무엇인가요?\n* 상품 내 가격이 대표가격이 아닌 다른 가격으로 노출되요.\n* [그룹상품] 그룹상품 등록 시 상품 등록 개수 기준은 어떻게 되나요?\n* 비실물 서비스 이용권 판매 시 결제수단 제한이 있나요?\n* '사이즈'는 어떤 정보를 입력하나요?\n* 판매가 설정 시 '판매가를 기준으로 -80% ~ + 50% 이내로 입력해 주세요.' 문구가 노출됩니다. 어떻게 해야 하나요?\n* 예약구매 상품이 검색 결과에 노출되나요?\n* 네이버쇼핑에 '가격비교 매칭'은 어떻게 요청 하나요?\n* N배송 상품도 예약구매로 판매할 수 있나요?\n* [그룹상품] '색상칩'은 어떻게 설정해야 하나요?\n* [그룹상품] 그룹 공통 정보에는 무엇이 있나요?\n* 품번이란 무엇인가요?\n* SmartEditorONE(스마트에디터)에서 이미지를 등록할 때는 여백이 없지만, 등록 후 상세 페이지를 확인하면 여백이 생기는 이유는 무엇인가요?\n* [그룹상품] 구성품이 다른 상품을 그룹상품으로 등록할 수 있나요?\n* 회원가입을 진행했으나 아직 심사는 진행되지 않았습니다. 상품을 먼저 등록할 수 있나요?\n* 특정 지역에서만 구매가 가능하도록 상품을 설정할 수 있나요?\n* SKU 재고는 상품에 어떻게 연동되나요?\n* 1개의 SKU를 여러 상품에 연결하고 싶습니다. 주의해야 할 게 있나요?\n* 네이버쇼핑에 '가격비교 매칭 해제'는 어떻게 요청 하나요?\n* 상품 등록 시 체육시설 문화비 소득공제 설정을 할 수 있나요?\n* [그룹상품] 상품별 배송 속성을 다르게 설정해도 되나요?\n* [정기구독] 배송회차 <설정안함> 선택 시 어떻게 되나요? (무제한 구독이 무엇인가요?)\n* 장기 임대 상품 취급 가능 여부"
      },
      {
        "platform": "naver",
        "title": "네이버 커머스솔루션마켓 - Naver",
        "url": "https://solution.smartstore.naver.com/ko/solution/3taP85oosSrmMGUR8xlOKu/detail",
        "snippet": "네이버 커머스솔루션마켓\n\n본문으로 바로가기\n\n    NAVER커머스솔루션마켓 ========  \n   스마트스토어센터\n\n   로그인하기)\n\n)\n\n로그인 해주세요.)\n\n)\n\n스마트스토어센터\n\n   스마트스토어센터홈\n   솔루션관리\n\n로그인)\n\n© NAVER Corp.\n\nImage 1: icon\n\n트렌드 Quick 모니터링\n\n네이버 쇼핑 인기 키워드 ・ 상품 정보를 톡톡메시지로 받아보세요!\n\nNAVER\n\n   구독자\n\n8,000+명 \n   카테고리\n\n데이터 분석 \n   뱃지\n\n       스마트스토어센터 바로사용\n\n추가하기 \n\n추가하기 \n\nImage 2: icon\n\n트렌드 Quick 모니터링\n\n추가하기 \n\nImage 3: 톡톡메시지로 편리하게 받는 리포트\n\nImage 4: 네이버쇼핑 인기 키워드, 상품 체크\n\nImage 5: 정보를 확인하고 싶은 카테고리 선택\n\n다음 컨텐츠 보기)\n\n### 네이버쇼핑 인기 키워드 · 상품을 알려드려요 [...] 네이버쇼핑에서 많이 찾는 키워드가 무엇인지 궁금하신가요?\n\n요즘 어떤 상품이 인기인지 하나하나 찾아보고 계신가요?\n\n트렌드 Quick 모니터링 솔루션을 구독하면\n\n톡톡메시지로 인기 키워드/상품의 랭킹 정보를 최대 20위까지 받아볼 수 있어요!\n\n   톡톡메시지로 편리하게 받는 리포트! 메시지만 확인하면 네이버 쇼핑 트렌드를 쉽고 빠르게 파악할 수 있어요.\n   네이버쇼핑 인기 키워드, 상품 체크! 네이버에서 인기있는 쇼핑 키워드와 상품의 랭킹정보를 알려드려요.\n   정보를 확인하고 싶은 카테고리 선택 대분류 부터 소분류까지 카테고리를 선택할 수 있어 나에게 필요한 키워드, 상품 정보만 골라서 받아볼 수 있어요.\n\n   #퀵모니터링\n   #상품랭킹\n   #검색어랭킹\n   #시장트렌드\n   #데이터분석\n   #상품소싱\n   #인기키워드\n   #시장분석\n\n   최종 업데이트 2025-07-21\n\n​\n\n​\n\nImage 6\n\n접기 더 자세한 내용 확인하기)\n\n### 월 사용요금 [...] 내가 구독한 카테고리가 아니라 다른 카테고리의 리포트가 왔어요. 본 솔루션에서는 판매자분들의 카테고리 선택 자유도를 위하여 대,중,소의 상세한 카테고리를 제공중입니다. 최종 선택한 카테고리가 중분류, 소분류 일 경우 데이터가 생성되지 않는 날이 있을 수 있습니다. 데이터가 생성되지 않을 경우 자동으로 선택하신 중분류, 소분류의 상위 대분류의 데이터를 제공하게 됩니다.\n\n 주말, 공휴일에 리포트가 오지 않았어요. 2024년 10월 30일 부터 주말, 공휴일에는 트렌드 데이터가 업데이트 되지 않기 때문에 톡톡 리포트도 발송되지 않습니다. \n\n 리포트에 제공되는 인기 상품, 인기 검색어가 20개 미만이에요. 집계 기간동안 쌓인 데이터가 제공기준을 넘지 못할 경우, 실제 유의미한 데이터가 적을 경우 20개 이하의 상품과 검색어가 제공될 수 있습니다.",
        "score": 0.060646243,
        "timestamp": "2025-11-29T05:40:52.852519",
        "raw_content": "네이버 커머스솔루션마켓\n\n===============\n\n[본문으로 바로가기](https://solution.smartstore.naver.com/ko/#seller-content)\n\n*    [NAVER](https://www.naver.com/)[커머스솔루션마켓 ========](https://solution.smartstore.naver.com/ko)  \n*   [스마트스토어센터](https://sell.smartstore.naver.com/#/home)\n\n*   [로그인하기](javascript:void(0))\n\n[](javascript:void(0))\n\n[로그인 해주세요.](javascript:void(0))\n\n[](javascript:void(0))\n\n**스마트스토어센터**\n------------\n\n*   [스마트스토어센터홈](https://sell.smartstore.naver.com/#)\n*   [솔루션관리](https://sell.smartstore.naver.com/#/commerce-solution/solution-list)\n\n[로그인](javascript:void(0))\n\n[**© NAVER Corp.**](https://www.navercorp.com/ \"Naver\")\n\n![Image 1: icon](https://shop-phinf.pstatic.net/20230608_180/1686187397907i2lUL_PNG/%C6%AE%B7%BB%B5%E5_296.png?type=f300)\n\n트렌드 Quick 모니터링\n--------------\n\n네이버 쇼핑 인기 키워드 ・ 상품 정보를 톡톡메시지로 받아보세요!\n\n**NAVER**\n\n*   구독자\n\n**8,000+**명 \n*   카테고리\n\n데이터 분석 \n*   뱃지\n\n    *   스마트스토어센터 바로사용\n\n추가하기 \n\n추가하기 \n\n![Image 2: icon](https://shop-phinf.pstatic.net/20230608_180/1686187397907i2lUL_PNG/%C6%AE%B7%BB%B5%E5_296.png?type=f140)\n\n트렌드 Quick 모니터링\n--------------\n\n추가하기 \n\n![Image 3: 톡톡메시지로 편리하게 받는 리포트](https://shop-phinf.pstatic.net/20230608_198/1686187414175wu3zw_PNG/%C4%FC%B8%F0%B4%CF%C5%CD%B8%B5_12x.png?type=w600)\n\n![Image 4: 네이버쇼핑 인기 키워드, 상품 체크](https://shop-phinf.pstatic.net/20240920_2/17268158038401Szl6_PNG/%BC%D6%B7%E7%BC%C7_%BB%F3%BC%BC%C6%E4%C0%CC%C1%F6_%C0%CC%B9%CC%C1%F6_%C6%AE%B7%BB%B5%E5_Quick%B8%F0%B4%CF%C5%CD%B8%B5_960x600.png?type=w600)\n\n![Image 5: 정보를 확인하고 싶은 카테고리 선택](https://shop-phinf.pstatic.net/20230608_120/1686187434615C5wiB_PNG/%C4%FC%B8%F0%B4%CF%C5%CD%B8%B5_32x.png?type=w600)\n\n[다음 컨텐츠 보기](javascript:void(0))\n\n### 네이버쇼핑 인기 키워드 · 상품을 알려드려요\n\n네이버쇼핑에서 많이 찾는 키워드가 무엇인지 궁금하신가요?\n\n요즘 어떤 상품이 인기인지 하나하나 찾아보고 계신가요?\n\n트렌드 Quick 모니터링 솔루션을 구독하면\n\n톡톡메시지로 인기 키워드/상품의 랭킹 정보를 최대 20위까지 받아볼 수 있어요!\n\n*   **톡톡메시지로 편리하게 받는 리포트! 메시지만 확인하면 네이버 쇼핑 트렌드를 쉽고 빠르게 파악할 수 있어요.**\n*   **네이버쇼핑 인기 키워드, 상품 체크! 네이버에서 인기있는 쇼핑 키워드와 상품의 랭킹정보를 알려드려요.**\n*   **정보를 확인하고 싶은 카테고리 선택 대분류 부터 소분류까지 카테고리를 선택할 수 있어 나에게 필요한 키워드, 상품 정보만 골라서 받아볼 수 있어요.**\n\n*   #퀵모니터링\n*   #상품랭킹\n*   #검색어랭킹\n*   #시장트렌드\n*   #데이터분석\n*   #상품소싱\n*   #인기키워드\n*   #시장분석\n\n*   최종 업데이트 2025-07-21\n\n**​**\n\n**​**\n\n[![Image 6](https://shop-phinf.pstatic.net/20240920_138/1726817345755JtQwa_PNG/%ED%8A%B8%EB%A0%8C%EB%93%9C_Quick_%EB%AA%A8%EB%8B%88%ED%84%B0%EB%A7%81.png?type=w860)](https://solution.smartstore.naver.com/ko/)\n\n[접기 더 자세한 내용 확인하기](javascript:void(0))\n\n### 월 사용요금\n\n커머스솔루션마켓에서 결제되는 정기결제 금액입니다. 솔루션 결제 내역에서 확인하실 수 있습니다.\n\n*   무료**0**_원/월_   \n\n추가하기    \n\n#### 확인해주세요\n\n* 솔루션 추가 후 톡톡 메시지를 수신할 네이버ID와 원하는 카테고리 설정을 반드시 해야 합니다.\n\n* 위 설정은 스마트스토어센터의 [커머스솔루션 > Quick 모니터링 관리 > 트렌드 모니터링] 메뉴에서 할 수 있습니다.\n\n* 수신할 네이버ID와 카테고리 설정을 모두 완료하지 않았거나, 톡톡에서 '트렌드 Quick 모니터링' 계정을 수신거부하면 리포트가 발송되지 않습니다.\n\n* 수신할 네이버ID와 카테고리 설정을 모두 완료하면 그 다음날부터 톡톡 메시지로 리포트가 발송되고, 설정을 변경하는 것 또한 변경일 하루 뒤에 반영됩니다.\n\n*주말 및 공휴일에는 톡톡이 발송되지 않습니다. 금요일에 솔루션을 구독하실 경우 주말동안 리포트를 받아보실 수 없습니다. (24/10/30 부터 적용)\n\n### 자주 묻는 질문\n\n 솔루션을 추가했는데 톡톡메시지 리포트가 오지 않았어요 네이버ID와 카테고리 정보를 모두 설정했는지 확인해 주세요. 둘 중 하나라도 설정이 안 되어 있으면 리포트가 발송되지 않습니다.\n\n2024년 10월 30일 부터 주말 및 공휴일에는 톡톡이 발송되지 않습니다. 설정을 완료 해도 주말 및 공휴일에는 리포트가 발송되지 않습니다. \n\n 오늘 솔루션 추가했는데 오늘 톡톡메시지 리포트가 오지 않았어요 톡톡메시지 리포트는 처음으로 네이버ID와 카테고리 정보를 설정한 그 다음날부터 발송됩니다.\n\n 네이버ID, 카테고리를 설정했는데도 톡톡메시지 리포트가 오지 않았어요. 톡톡에서 '트렌드 Quick 모니터링' 계정을 차단한 것 아닌지 확인해 주세요. '트렌드 Quick 모니터링' 계정이 보낸 톡톡 메시지창에서 [톡톡 알림설정] 들어가 차단 여부를 확인할 수 있습니다.\n\n 스마트스토어센터의 'Quick 모니터링 관리' 메뉴가 안 보여요 솔루션이 사용중 상태이고, 통합매니저/주매니저 권한인 판매자만 접근할 수 있습니다.\n\n 여러 카테고리 데이터를 받을 수는 없나요? 판매자당 1개의 카테고리만 설정 가능하고, 1개 내에서 변경만 가능합니다.\n\n 톡톡 메시지 리포트는 어디에서 확인하나요?  네이버 서비스 중 ‘톡톡’ 서비스에서 볼 수 있습니다. 네이버 검색창에서 '네이버 톡톡'을 검색하시면 쉽게 찾을 수 있고 ( [https://talk.naver.com/](https://talk.naver.com/) ) 톡톡의 대화목록에서 '트렌드 Quick 모니터링' 계정의 메시지를 확인할 수 있습니다.\n\n 트렌드 Quick 모니터링 리포트에 대해 궁금한 내용이 있어요. FAQ는 어디에서 확인할 수 있나요? 스마트스토어센터 > 고객센터에서 확인 가능합니다. 스마트스토어센터의 솔루션 관리 메뉴에서 '도움말'을 누르셔도 확인할 수 있습니다. *고객센터 : [https://help.sell.smartstore.naver.com/faq/list.help?categoryId=10902](https://help.sell.smartstore.naver.com/faq/list.help?categoryId=10902)\n\n 내가 구독한 카테고리가 아니라 다른 카테고리의 리포트가 왔어요. 본 솔루션에서는 판매자분들의 카테고리 선택 자유도를 위하여 대,중,소의 상세한 카테고리를 제공중입니다. 최종 선택한 카테고리가 중분류, 소분류 일 경우 데이터가 생성되지 않는 날이 있을 수 있습니다. 데이터가 생성되지 않을 경우 자동으로 선택하신 중분류, 소분류의 상위 대분류의 데이터를 제공하게 됩니다.\n\n 주말, 공휴일에 리포트가 오지 않았어요. 2024년 10월 30일 부터 주말, 공휴일에는 트렌드 데이터가 업데이트 되지 않기 때문에 톡톡 리포트도 발송되지 않습니다. \n\n 리포트에 제공되는 인기 상품, 인기 검색어가 20개 미만이에요. 집계 기간동안 쌓인 데이터가 제공기준을 넘지 못할 경우, 실제 유의미한 데이터가 적을 경우 20개 이하의 상품과 검색어가 제공될 수 있습니다. \n\n 오늘 리포트에 제공되는 데이터의 기준은 언제인가요? 트렌드 quick 모니터링에서는 리포트 발송 시점에 제공가능한 가장 최신 데이터를 기준으로 제공하고 있습니다. 정확한 일자 기준은 네이버 플러스 스토어 > 베스트 차트에서 확인 가능합니다. \n\n[더보기](javascript:void(0))\n\n### 제한사항\n\n- 솔루션 추가 후 톡톡메시지를 수신할 네이버 ID 설정, 카테고리 정보 설정을 모두 완료해야만 리포트를 수신할 수 있습니다.\n\n- 설정을 모두 완료하지 않으면 리포트가 발송되지 않으므로 반드시 설정을 완료해주세요. (※스마트스토어센터 > 커머스솔루션 > Quick 모니터링 관리 > 트렌드 모니터링)\n\n- 톡톡에서 트렌드 Quick 모니터링 계정을 수신거부하면 리포트가 발송되지 않습니다.\n\n- 자세한 내용은 이용약관을 참고해주세요.\n\n*   [이용약관](https://sell.smartstore.naver.com/#/terms/agreement)\n*   [전자금융거래 이용약관](https://pay.naver.com/provision?viewType=electronic \"전자금융거래 이용약관\")\n*   [**개인정보 처리방침**](https://business.naver.com/privacy/privacy.html \"새창\")\n*   [청소년 보호정책](https://policy.naver.com/policy/youthpolicy.html \"새창\")\n*   [책임의 한계와 법적고지](javascript:void(0) \"팝업\")\n*   [안전거래가이드](https://ips.smartstore.naver.com/main/rules/safety \"새창\")\n*   [고객센터](https://help.sell.smartstore.naver.com/index.help)\n\n커머스솔루션마켓 내 솔루션은 솔루션 공급사가 판매회원들의 판매 활동을 돕기 위하여 판매회원에게 직접 제공하는 서비스입니다.\n\n네이버(주)는 솔루션 공급사와 판매회원 간 솔루션 거래를 중개하는 사업자로, 네이버(주)가 직접 제공하는 일부 솔루션을 제외하고는, 커머스솔루션마켓에 게재된 솔루션의 제공자가 아니며,\n\n각 솔루션의 내용, 정보, 거래, 이용과 관련한 의무와 책임은 이를 제공한 솔루션 공급사에게 있고 중개자인 네이버(주)는 이와 관련한 책임을 지지 않습니다.\n\n*   사업자등록번호 : 220-81-62517\n*   통신판매업신고번호 : 제2006-경기성남-0692호\n*   대표이사 : 최수연\n*   [사업자정보확인](http://www.ftc.go.kr/bizCommPop.do?wrkr_no=2208162517 \"새창\")\n\n*   주소 : 경기도 성남시 분당구 정자일로 95, NAVER 1784, 13561\n*   전화상담 (전화 전 클릭)\n*   [톡톡상담](https://talk.naver.com/ct/wcbgqj?frm=cstpn)\n*   [솔루션 입점](https://apicenter.commerce.naver.com/ko/basic/main)\n\n[NAVER](https://www.navercorp.com/ \"새창\")\n\n Copyright © [**NAVER Corp.**](https://www.navercorp.com/ \"새창\") All rights reserved. \n\n**법적고지**펼쳐보기\n커머스솔루션마켓 내 솔루션은 솔루션 공급사가 판매회원들의 판매 활동을 돕기 위하여 판매회원에게 직접 제공하는 서비스입니다.\n\n네이버(주)는 솔루션 공급사와 판매회원 간 솔루션 거래를 중개하는 사업자로, 네이버(주)가 직접 제공하는 일부 솔루션을 제외하고는, 커머스솔루션마켓에 게재된 솔루션의 제공자가 아니며,\n\n각 솔루션의 내용, 정보, 거래, 이용과 관련한 의무와 책임은 이를 제공한 솔루션 공급사에게 있고 중개자인 네이버(주)는 이와 관련한 책임을 지지 않습니다.\n\n[TOP](javascript:void(0);)\n\n[네이버(주) 사업자정보](javascript:void(0);)\n\n대표이사 최수연 주소 경기도 성남시 분당구 정자일로 95\n\nNAVER 1784, 13561 전화[전화상담 (전화 전 클릭)](javascript:void(0))사업자등록번호 220-81-62517 통신판매업신고번호 제2006-경기성남-0692호\n\n[이용약관](https://sell.smartstore.naver.com/#/terms/agreement)[**개인정보처리방침**](https://business.naver.com/privacy/privacy.html \"개인정보처리방침\")[고객센터](https://m.help.naver.com/support/service/main.help?serviceNo=17535 \"고객센터\")[톡톡상담](https://talk.naver.com/ct/wcbgqj?frm=cstpn)[솔루션 입점](https://apicenter.commerce.naver.com/ko/basic/main)[© NAVER Corp.](https://www.navercorp.com/ \"Naver\")\n\n[Top](javascript:void(0))\n\n![Image 7: 로딩중](https://solution.smartstore.naver.com/ko/assets/img/loading_white.gif)"
      },
      {
        "platform": "naver",
        "title": "스마트스토어 고객센터",
        "url": "https://help.sell.smartstore.naver.com/faq/content.help?faqId=3558",
        "snippet": "대상 기간에 해당하는 매출금액 조회는 국세청 사이트에서, 가맹점 등급 관련 조회는 여신금융 협회 사이트에서 확인해 주세요.\n\n   - 국세청  → 신용카드 매출 자료 조회 메뉴에서 로그인 후 조회\n\n   - 여신금융협회  → 로그인 후 매출 조회 (카드사 가맹점으로 등록된 사업자만 가능)\n\n            \n\n  2) 네이버쇼핑 판매수수료\n\n  ! 중요. 25년 6월 2일부터 네이버쇼핑 매출연동수수료 내 유입수수료가 판매수수료로 변경되었습니다.\n\n  스마트스토어 이용약관 및 수수료 체계 변경 안내 공지사항 확인하러 가기 》\n\n  스토어를 통해 상품이 판매된 경우, Npay 주문관리 수수료 외 네이버쇼핑 판매수수료가 과금됩니다.\n\n  예) 국세청 매출 등급이 '일반'인 A 스마트스토어에서 주문이 발생했다면\n\n  결제가 10,000원 – 주문관리 수수료 363원(3.63%) + 판매수수료 300원(3%) = 9,337원 정산 [...] |  |  |  |\n   --- \n  | 구분 | Npay 주문관리 수수료 | 네이버쇼핑 판매수수료 |\n  | 상품금액 | O | O |\n  | 초기배송비 | O | X |\n  | 반품/교환배송비 | O | X |\n\n  25년 6월 2일부터 네이버쇼핑 매출연동수수료 내 유입수수료가 판매수수료로 변경되었습니다.\n\n  스마트스토어 이용약관 및 수수료 체계 변경 안내 공지사항 확인하러 가기 》\n\n  ※ 상품금액의 수수료는 결제가 기준으로 적용됩니다.\n\n  예) 판매가 10,000원 / 즉시할인 1,000원인 경우 구매자가 결제하는 금액은 9,000원이므로 수수료는 9,000원에서 부과됩니다. \n\n            \n\n  1) Npay 주문관리 수수료 (VAT 포함)\n\n  결제 뿐 아니라 상품 주문/발송관리, 배송추적, 안심번호, 고객관리/마케팅 등\n\n  스마트스토어센터를 통해 제공되는 모든 서비스를 포함하는 수수료이며, 결제금액(상품주문번호) 기준으로 발생됩니다. [...] 홈\n  + 홈\n 회원가입\n  + 신규 회원가입\n  + 초대로 회원가입\n  + 아이디/비밀번호 찾기\n  + 탈퇴/재가입\n  + 네이버 쇼핑 입점\n  + 2단계 인증\n 상품관리\n  + 그룹상품 리뷰이동\n  + 그룹상품 노출 관리\n  + 상품 조회/수정\n  + 상품 등록\n  + 상품 일괄등록\n  + 카달로그 가격관리\n  + 연관상품 관리\n  + 사진 보관함\n  + 배송정보 관리\n  + 템플릿 관리\n  + 공지사항 관리\n  + 상품정보 검색품질(SEO)\n  + 구독 관리\n  + 상품진단\n  + 상품명 마스터\n 쇼핑윈도관리\n  + 쇼핑윈도 상품 조회/수정\n  + 쇼핑윈도 상품 불러오기\n  + 쇼핑윈도 소식 관리\n  + 쇼핑윈도 스토어 관리\n 판매관리\n  + 주문통합검색\n  + 선물 수락대기\n  + 미결제확인\n  + 발주(주문)확인/발송관리\n  + 배송현황 관리\n  + 구매확정 내역\n  + 취소 관리\n  + 반품 관리\n  + 교환 관리\n  + 판매방해 고객관리\n  + 반품안심케어",
        "score": 0.059521202,
        "timestamp": "2025-11-29T05:40:52.852522",
        "raw_content": "# [NAVER](http://www.naver.com \"NAVER\") [스마트스토어센터](https://sell.smartstore.naver.com \"스마트스토어센터\")\n\n궁금할 땐 톡톡상담하세요!\n\n[톡톡상담](#)\n\n* 홈\n  + [홈](/faq/list.help?categoryId=11082)\n* 회원가입\n  + [신규 회원가입](/faq/list.help?categoryId=535)\n  + [초대로 회원가입](/faq/list.help?categoryId=536)\n  + [아이디/비밀번호 찾기](/faq/list.help?categoryId=537)\n  + [탈퇴/재가입](/faq/list.help?categoryId=538)\n  + [네이버 쇼핑 입점](/faq/list.help?categoryId=539)\n  + [2단계 인증](/faq/list.help?categoryId=924)\n* 상품관리\n  + [그룹상품 리뷰이동](/faq/list.help?categoryId=11086)\n  + [그룹상품 노출 관리](/faq/list.help?categoryId=11126)\n  + [상품 조회/수정](/faq/list.help?categoryId=540)\n  + [상품 등록](/faq/list.help?categoryId=541)\n  + [상품 일괄등록](/faq/list.help?categoryId=542)\n  + [카달로그 가격관리](/faq/list.help?categoryId=848)\n  + [연관상품 관리](/faq/list.help?categoryId=649)\n  + [사진 보관함](/faq/list.help?categoryId=543)\n  + [배송정보 관리](/faq/list.help?categoryId=544)\n  + [템플릿 관리](/faq/list.help?categoryId=545)\n  + [공지사항 관리](/faq/list.help?categoryId=546)\n  + [상품정보 검색품질(SEO)](/faq/list.help?categoryId=811)\n  + [구독 관리](/faq/list.help?categoryId=1006)\n  + [상품진단](/faq/list.help?categoryId=10884)\n  + [상품명 마스터](/faq/list.help?categoryId=10931)\n* 쇼핑윈도관리\n  + [쇼핑윈도 상품 조회/수정](/faq/list.help?categoryId=547)\n  + [쇼핑윈도 상품 불러오기](/faq/list.help?categoryId=548)\n  + [쇼핑윈도 소식 관리](/faq/list.help?categoryId=549)\n  + [쇼핑윈도 스토어 관리](/faq/list.help?categoryId=551)\n* 판매관리\n  + [주문통합검색](/faq/list.help?categoryId=791)\n  + [선물 수락대기](/faq/list.help?categoryId=558)\n  + [미결제확인](/faq/list.help?categoryId=559)\n  + [발주(주문)확인/발송관리](/faq/list.help?categoryId=560)\n  + [배송현황 관리](/faq/list.help?categoryId=561)\n  + [구매확정 내역](/faq/list.help?categoryId=562)\n  + [취소 관리](/faq/list.help?categoryId=563)\n  + [반품 관리](/faq/list.help?categoryId=564)\n  + [교환 관리](/faq/list.help?categoryId=565)\n  + [판매방해 고객관리](/faq/list.help?categoryId=837)\n  + [반품안심케어](/faq/list.help?categoryId=10776)\n* 정산관리\n  + [정산 내역 (일별/건별)](/faq/list.help?categoryId=566)\n  + [항목별 정산 내역](/faq/list.help?categoryId=567)\n  + [부가세신고 내역](/faq/list.help?categoryId=568)\n  + [세금계산서 조회](/faq/list.help?categoryId=569)\n  + [비즈월렛 관리](/faq/list.help?categoryId=570)\n  + [통합 정산내역](/faq/list.help?categoryId=571)\n  + [중소상공인수수료전반](/faq/list.help?categoryId=840)\n  + [빠른정산](/faq/list.help?categoryId=932)\n  + [초보판매자 정산가이드](/faq/list.help?categoryId=10809)\n  + [우대수수료 환급내역](/faq/list.help?categoryId=10867)\n  + [매출연동수수료](/faq/list.help?categoryId=11033)\n* 문의/리뷰관리\n  + [문의 관리](/faq/list.help?categoryId=574)\n  + [고객문의 관리](/faq/list.help?categoryId=575)\n  + [리뷰 관리](/faq/list.help?categoryId=576)\n  + [리뷰이벤트 관리](/faq/list.help?categoryId=857)\n  + [상품상세 블로그글 노출](/faq/list.help?categoryId=10953)\n  + [톡톡 상담하기](/faq/list.help?categoryId=10763)\n  + [톡톡 쇼핑챗봇/AI FAQ 설정](/faq/list.help?categoryId=10764)\n* 스토어관리\n  + [스마트스토어](/faq/list.help?categoryId=577)\n  + [카테고리 관리](/faq/list.help?categoryId=579)\n  + [쇼핑스토리 관리](/faq/list.help?categoryId=652)\n  + [쇼핑라이브 숏클립 등록](/faq/list.help?categoryId=10731)\n  + [기본정보 관리](/faq/list.help?categoryId=580)\n  + [API 관리](/faq/list.help?categoryId=10954)\n  + [SNS 설정](/faq/list.help?categoryId=10965)\n  + [쇼핑윈도 노출 신청](/faq/list.help?categoryId=844)\n  + [네이버 서비스 연결](/faq/list.help?categoryId=847)\n  + [가격비교 서비스 연결](/faq/list.help?categoryId=10967)\n* 혜택/마케팅\n  + [혜택 등록](/faq/list.help?categoryId=608)\n  + [혜택 조회/수정](/faq/list.help?categoryId=663)\n  + [혜택 리포트](/faq/list.help?categoryId=609)\n  + [포인트 지급관리](/faq/list.help?categoryId=10864)\n  + [포인트 지급내역 조회](/faq/list.help?categoryId=799)\n  + [고객등급 관리](/faq/list.help?categoryId=819)\n  + [마케팅 보내기](/faq/list.help?categoryId=918)\n  + [마케팅 이력](/faq/list.help?categoryId=919)\n  + [마케팅 통계](/faq/list.help?categoryId=10728)\n  + [AI 마케팅 효과분석](/faq/list.help?categoryId=10907)\n  + [마케팅 링크 관리](/faq/list.help?categoryId=11058)\n* 브랜드 혜택/마케팅\n  + [고객군 마케팅](/faq/list.help?categoryId=10928)\n  + [타겟팅 성과분석](/faq/list.help?categoryId=10929)\n  + [라운지 노출 관리](/faq/list.help?categoryId=10877)\n  + [라운지 가입 관리](/faq/list.help?categoryId=10878)\n  + [추가 수집 항목 관리](/faq/list.help?categoryId=10879)\n  + [라운지 멤버 관리](/faq/list.help?categoryId=10880)\n  + [라운지 스토리 관리](/faq/list.help?categoryId=10881)\n  + [라운지 통계](/faq/list.help?categoryId=10993)\n* 커머스솔루션\n  + [솔루션 목록](/faq/list.help?categoryId=10768)\n  + [결제내역](/faq/list.help?categoryId=10913)\n  + [소비자조사](/faq/list.help?categoryId=10900)\n  + [Quick 모니터링 관리](/faq/list.help?categoryId=10902)\n  + [쇼핑 커넥트](/faq/list.help?categoryId=11057)\n* 데이터 분석\n  + [프로모션 진단](/faq/list.help?categoryId=11127)\n  + [스토어분석](/faq/list.help?categoryId=11083)\n  + [요약](/faq/list.help?categoryId=806)\n  + [판매분석](/faq/list.help?categoryId=807)\n  + [마케팅분석](/faq/list.help?categoryId=808)\n  + [쇼핑행동분석](/faq/list.help?categoryId=809)\n  + [시장벤치마크](/faq/list.help?categoryId=810)\n  + [판매성과예측](/faq/list.help?categoryId=871)\n  + [고객현황](/faq/list.help?categoryId=627)\n  + [재구매 통계](/faq/list.help?categoryId=800)\n* 광고관리\n  + [쇼핑버티컬광고](/faq/list.help?categoryId=10946)\n  + [CRM 마케팅 타겟 광고](/faq/list.help?categoryId=11024)\n* 프로모션 관리\n  + [기획전 관리](/faq/list.help?categoryId=845)\n  + [참여형 프로모션 관리](/faq/list.help?categoryId=11061)\n  + [미스터](/faq/list.help?categoryId=927)\n* N배송 관리\n  + [N배송 프로그램](/faq/list.help?categoryId=10834)\n  + [풀필먼트 신청](/faq/list.help?categoryId=1005)\n  + [풀필먼트 주문 조회](/faq/list.help?categoryId=10942)\n  + [N판매자배송 신청](/faq/list.help?categoryId=10986)\n  + [판매자 창고 운영](/faq/list.help?categoryId=10944)\n  + [N판매자배송 운영](/faq/list.help?categoryId=10985)\n  + [N배송 재고관리](/faq/list.help?categoryId=11054)\n  + [N배송 입고관리](/faq/list.help?categoryId=11116)\n  + [N배송 리포트관리](/faq/list.help?categoryId=11102)\n  + [물류비 청구내역](/faq/list.help?categoryId=11103)\n* 판매자 정보\n  + [내정보](/faq/list.help?categoryId=581)\n  + [판매자 정보](/faq/list.help?categoryId=582)\n  + [매니저 관리](/faq/list.help?categoryId=10727)\n  + [판매자 등급](/faq/list.help?categoryId=611)\n  + [정보 변경 신청](/faq/list.help?categoryId=583)\n  + [양도양수](/faq/list.help?categoryId=922)\n  + [사업자 전환](/faq/list.help?categoryId=584)\n  + [상품판매권한 신청](/faq/list.help?categoryId=855)\n  + [고객확인제도](/faq/list.help?categoryId=923)\n  + [심사내역 조회](/faq/list.help?categoryId=10726)\n  + [판매자 지원 프로그램](/faq/list.help?categoryId=10711)\n  + [성장 마일리지](/faq/list.help?categoryId=11091)\n  + [굿서비스 점수](/faq/list.help?categoryId=11125)\n* 공지사항\n  + [공지사항](/faq/list.help?categoryId=10730)\n* 공통/기타\n  + [판매자센터 기본 이용방법](/faq/list.help?categoryId=586)\n  + [스마트스토어센터 알림](/faq/list.help?categoryId=868)\n  + [쇼핑라이브](/faq/list.help?categoryId=883)\n  + [사장님 보험](/faq/list.help?categoryId=933)\n  + [스마트스토어 사업자 대출](/faq/list.help?categoryId=934)\n  + [사업자대출 대출안심케어](/faq/list.help?categoryId=989)\n  + [정책지원금](/faq/list.help?categoryId=10769)\n  + [스마트플레이스 사업자 대출](/faq/list.help?categoryId=10782)\n  + [커머스API센터](/faq/list.help?categoryId=10783)\n  + [네이버페이 마이비즈](/faq/list.help?categoryId=10787)\n  + [스마트스토어 보증서 대출](/faq/list.help?categoryId=10909)\n  + [API데이터솔루션(통계)](/faq/list.help?categoryId=10943)\n  + [안전거래 정책](/faq/list.help?categoryId=10979)\n\n* [1:1 문의하기](/mail/form.help)\n* [1:1 문의내역](/mail/history.help)\n* [신고하기](/mail/form.help?alias=shopn_accuse)\n* [원격지원서비스](https://m.remote.naver.com/)\n\n[스마트스토어센터 *사용자 매뉴얼*](https://sell.smartstore.naver.com/#/center-notice/list/MANUAL)\n\n[좌측 내비게이션 숨기기](#)\n\n## 고객센터\n\n**FAQ**\n\n전체\n\n* 전체\n* 홈\n* 회원가입\n* 상품관리\n* 쇼핑윈도관리\n* 판매관리\n* 정산관리\n* 문의/리뷰관리\n* 스토어관리\n* 혜택/마케팅\n* 브랜드 혜택/마케팅\n* 커머스솔루션\n* 데이터 분석\n* 광고관리\n* 프로모션 관리\n* N배송 관리\n* 판매자 정보\n* 공지사항\n* 공통/기타\n\n* [자주 묻는 질문](#)\n* [★ 메뉴 활용 방법](#)\n* [2단계 인증](#)\n* [가입 절차](#)\n* [고객확인제도](#)\n* [수수료의 종류](#)\n* [상품등록](#)\n* [발송처리](#)\n* [자동 구매확정](#)\n* [부가세신고](#)\n\n### 정산 내역 (일별/건별)\n\n* ★ 정산 내역 (일별/건별) 메뉴 활용방법\n* 수수료의 종류를 알고 싶어요.\n\n  **스마트스토어를 통한 상품 판매로 인해 부과되는 수수료는 2가지 종류가 있으며, 유형에 따라 아래와 같이 적용됩니다.** \n\n  **유형별 수수료 과금 기준**\n\n  |  |  |  |\n  | --- | --- | --- |\n  | **구분** | **Npay 주문관리 수수료** | **네이버쇼핑 판매수수료** |\n  | 상품금액 | O | O |\n  | 초기배송비 | O | X |\n  | 반품/교환배송비 | O | X |\n\n  25년 6월 2일부터 네이버쇼핑 매출연동수수료 내 유입수수료가 판매수수료로 변경되었습니다.\n\n  **[스마트스토어 이용약관 및 수수료 체계 변경 안내 공지사항 확인하러 가기](https://sell.smartstore.naver.com/#/center-notice/detail/100017611) 》**\n\n  ※ 상품금액의 수수료는 결제가 기준으로 적용됩니다.\n\n  예) 판매가 10,000원 / 즉시할인 1,000원인 경우 구매자가 결제하는 금액은 9,000원이므로 수수료는 9,000원에서 부과됩니다. \n\n            \n\n  **1) Npay 주문관리 수수료 (VAT 포함)**\n\n  결제 뿐 아니라 상품 주문/발송관리, 배송추적, 안심번호, 고객관리/마케팅 등\n\n  스마트스토어센터를 통해 제공되는 모든 서비스를 포함하는 수수료이며, 결제금액(상품주문번호) 기준으로 발생됩니다.\n\n  Npay 주문관리 수수료는 **국세청 기준의 매출 규모(영세/중소/일반)**에 따라 차등 적용됩니다.\n\n  **※ 참고.** 24년 5월 30일부터 네이버 할인지원금을 사용하여 주문이 발생 되었을 경우 구매자결제금액+네이버 할인지원금으로 주문관리 수수료가 발생됩니다.\n\n  |  |  |  |  |\n  | --- | --- | --- | --- |\n  | **매출액에 따른 구분** | **매출액 기준** | **수수료**  **22년 1월 31결제건부터 ~ 25년 9월 30일 결제건까지** | **수수료**  **25년 10월 1일 00시 결제건부터 ~** |\n  | 영세 | ~3억 원 | 1.980% | **1.947%(0.03%▼)** |\n  | 중소1 | 3억 ~ 5억 원 | 2.585% | **2.563%(0.02%▼)** |\n  | 중소2 | 5억 ~ 10억 원 | 2.750% | **2.728%(0.02%▼)** |\n  | 중소3 | 10억 ~ 30억 원 | 3.025% | **3.003%(0.02%▼)** |\n  | 일반 | 3.630% | **3.630%(인하대상 아님)** |\n\n  ※ VAT 포함 수수료입니다. \n\n  **매출액에 따른 국세청 등급 산정 기준**\n\n  · 매출 규모는 판매자님께서 국세청에 신고하신 사업자의 총매출 금액 기준입니다. (자사몰 / Npay 가맹점 포함)\n\n  |  |  |\n  | --- | --- |\n  | **매출규모에 따른 등급 산정 기준** | **상세** |\n  | '등급 산정 자료 대상 기간'동안      국세청 신고 내역이 있는 사업자의 경우 | 국세청에 신고된 총 매출 금액 기준으로 상/하반기 등급 산정  단, 등급산정기간 중 사업기간이 1년미만 사업자의 경우   국세청 자체 계산법에 따라 별도로 등급 산정되고 있음   (상세 기준은 국세청으로 확인 필요) |\n  | '등급 산정 자료 대상 기간'동안     국세청 신고된 매출 금액이 없는 경우 | 사업자 유형 관계없이 직전 반기(6개월)   오픈마켓(타사 포함), PG사를 통해 판매된 매출내역을 근거로 상/하반기 등급 산정 |\n\n  수수료 등급 및 수수료율은 [스마트스토어센터 > 정산관리 > [**정산 내역 (일별/건별)**](https://sell.smartstore.naver.com/#/naverpay/settlemgt/sellerdailysettle)] 메뉴 \"나의 수수료 정보\"에서 확인 가능합니다.\n\n  단, 입점일 당일은 등급에 상관없이 '일반'으로 노출되며, 입점일 다음날부터 '판매자에 해당하는 등급'이 노출됩니다\n\n  **2025년 하반기 등급 산정 시 자료 대상 기간**\n\n  · 개인사업자 (과세) : 2024년 1월 ~ 2024년 12월(직전 2회 과세기간의 과세표준의 합계 기준)\n\n  · 개인사업자 (면세) : 2024년 1월 ~ 2024년 12월(하반기 종료일 직전 연도 사업장 현황 신고서 기준)\n\n  · 간이사업자 : 2024년 1월 ~ 2024년 12월(간이과세자 개인, 간이과세자 세금계산서 발행 사업자 기준)\n\n  · 법인사업자 : 2024년 1월 ~ 2024년 12월 (최근 법인세 신고서 기준)\n\n  **※ 참고.**\n\n  · 국세청 매출 등급은 연 2회(2월14일, 8월 14일) 업데이트되고 있으며,\n\n    대상 기간에 해당하는 매출금액 조회는 국세청 사이트에서, 가맹점 등급 관련 조회는 여신금융 협회 사이트에서 확인해 주세요.\n\n   - 국세청 <https://www.hometax.go.kr/> → 신용카드 매출 자료 조회 메뉴에서 로그인 후 조회\n\n   - 여신금융협회 <https://www.cardsales.or.kr/> → 로그인 후 매출 조회 (카드사 가맹점으로 등록된 사업자만 가능)\n\n            \n\n  **2) 네이버쇼핑 판매수수료**\n\n  **! 중요.** 25년 6월 2일부터 네이버쇼핑 매출연동수수료 내 유입수수료가 판매수수료로 변경되었습니다.\n\n  **[스마트스토어 이용약관 및 수수료 체계 변경 안내 공지사항 확인하러 가기](https://sell.smartstore.naver.com/#/center-notice/detail/100017611) 》**\n\n  스토어를 통해 상품이 판매된 경우, Npay 주문관리 수수료 외 네이버쇼핑 판매수수료가 과금됩니다.\n\n  **예) 국세청 매출 등급이 '일반'인 A 스마트스토어에서 주문이 발생했다면**\n\n  결제가 10,000원 – 주문관리 수수료 363원(3.63%) + 판매수수료 300원(3%) = 9,337원 정산\n\n  정산 방식은 부가세(VAT)를 포함한 수수료율로 계산되며 공지사항에 표시된 수수료율은 부가세 제외 금액을 기준으로 \n\n  소수점 셋째자리에서 올림 하여 표기하였습니다. \n\n  |  |  |  |  |\n  | --- | --- | --- | --- |\n  | **판매수수료 구분** | **표기 수수료율** | **실제 수수료율** | **정산 시 수수료율(vat포함)** |\n  | 스마트스토어 판매자마케팅 | 0.91% | 0.909% | 1% |\n  | 브랜드스토어 판매자마케팅 | 1.82% | 1.818% | 2% |\n  | 스마트스토어 판매수수료 | 2.73% | 2.727% | 3% |\n  | 브랜드스토어 판매수수료 | 3.64% | 3.636% | 4% |\n\n  |  |  |  |  |\n  | --- | --- | --- | --- |\n  | **버티컬/윈도수수료 구분** | **표기 수수료율** | **실제 수수료율** | **정산 시 수수료율(vat포함)** |\n  |  | 0.91% / 2.73% | 0.909% / 2.727% | 1% / 3% |\n  |  | 2.73% | 2.727% | 3% |\n\n  |  |  |  |  |\n  | --- | --- | --- | --- |\n  | **커머스 솔루션사용료 구분** | **표기 수수료율** | **실제 수수료율** | **정산 시 수수료율(vat포함)** |\n  |  | 3.64% | 3.636% | 4% |\n\n            \n\n  **※ 참고.**\n\n  · 수수료가 변동되지 않거나, 무료로 변경되는 항목은 해당 표에서 제외처리 되었습니다. \n\n  · 주문건 발생 시 판매수수료는 무조건 발생되며(4가지중 1개), 유입 경로 또는 설정된 상품에 따라 버티컬/윈도수수료와 솔루션사용료는 추가 과금 될 수 있습니다.\n\n  · 판매자가 직접 네이버 내부 또는 외부에서 광고 및 홍보를 통해 유입한 고객이 상품을 구매한 경우, 판매자 마케팅 수수료가 적용되어 낮은 수수료가 과금됩니다.\n\n  위 도움말이 도움이 되었나요?\n\n  도움말에 대한 소중한 의견은 서비스 개선에 큰 도움이 됩니다. 만약, 궁금하신 내용이 있다면 고객센터로 문의주시면 친절히 안내해 드리겠습니다.\n\n  도움말 닫기\n* 반품/교환 배송비도 수수료가 부과되나요?\n* 정산예정금액이 상이합니다. (정산 금액 확인 방법)\n* 배송비 정산은 언제되나요?\n* 정산은 언제 되나요?\n* 정산 내역 (일별/건별)은 어떻게 조회하나요?\n* 판매된 모든 주문 건에 대한 정산내역은 어디서 확인하나요?\n* 발주(주문)확인/발송관리에서 정산예정금액이 확인되지 않아요.\n* 정산 계좌 변경은 어떻게 변경하나요?\n* 해외판매자인데, 정산 가능 통화는 무엇인가요?\n* 등록된 정산계좌가 해지/거래중지 되었습니다. 어떻게 정산되나요?\n* 건별 정산내역에서 '정산 전 취소 / 정산 후 취소' / 빠른정산 회수'는 무엇인가요?\n* 상품 판매를 하였으나, 정산이 되지 않았어요.\n* 일별 정산내역에서 혜택정산으로 마이너스되는 금액이 있는데 왜그런가요?\n* 지급보류로 정산이 안되고 있습니다.\n* 쇼핑윈도(패션타운)의 수수료가 어떻게 되나요?\n* 모바일버전에서는 정산관리 메뉴가 없어요\n* 정산금액은 언제 입금되나요?\n* 정산주기를 변경할 수 있나요?\n* 일별 정산내역에서 0원으로 노출되는 내역은 무엇인가요?\n* 정산중지 설정이 되었어요. 어떻게 해제할 수 있나요?\n* 정산중지 설정이 되었어요. 정산 중지된 금액이 얼마인지 어떻게 확인 할 수 있나요?\n* 정산중지 설정이 되어있는데, 회원 탈퇴를 하고 싶습니다.\n* 다나와를 통해 상품이 판매될 경우 수수료가 어떻게 되나요?\n* 수수료는 어떤 금액 기준으로 적용 되나요?\n* 초기배송비에도 수수료가 부과되나요?\n* 아직 구매확정되지 않은 주문 건의 미정산 금액은 어디서 확인하나요?\n* 건별 정산내역의 정산 확정건, 정산 미확정건, 정산 전 취소건은 무엇인가요?\n* 지급보류 현황 항목별 기준을 알고 싶어요.\n* 은행 제출을 위한 매출 증빙자료(공문서)를 받을 수 있나요?\n* 에누리를 통해 상품이 판매될 경우 수수료가 어떻게 되나요?\n* Npay 후불결제란 무엇인가요?\n* 구매자가 후불결제를 이용하였는데, 정산에는 문제가 없나요?\n* 건별 정산내역에서 '보조결제수단2'가 무엇인가요?\n* 홈화면 대시보드 \"오늘정산\" . \"정산예정\" 금액 기준\n* 어떤 경우에 지급보류가 되나요?\n* 건별 정산내역에 '혜택금액'과 혜택정산에서의 '혜택금액' 차이가 있습니다. 왜 그런가요?\n* 양도양수 혹은 사업자 전환을 할 경우 주문관리 수수료는 어떻게 적용되나요?\n* 장바구니 할인쿠폰 할인 적용 후 부분 취소/반품시 적용된 할인 쿠폰은 어떻게 반영되나요?\n* 홈화면 대시보드 '오늘정산', '정산예정' 업데이트 반영은 언제 되나요?\n* 정산 일일 리포트 톡톡 알림이 발송이 되지 않았어요.\n* 정산 일일/월별 톡톡 알림을 받고 싶지 않습니다.\n* 정산 일일 리포트 톡톡 알림에서 일부 일자는 내역이 없습니다.\n* 정산 일일 리포트에 안내된 미정산 건수/금액 집계 기준이 어떻게 되나요?\n* 정산 일일/월별 내역을 알림받을 수 있나요?\n* 정산 일일 리포트에 안내된 미정산 건수/금액을 확인하고 싶어요.\n* 정산 일일/월별 리포트를 다시 보고 싶어요.\n* 정산 일일 리포트에 안내된 미정산 건수/금액과 스마트스토어센터에서 조회한 내역이 상이합니다, 왜그런가요?\n* 소상공인 판로지원을 받고 있습니다. 어떤 수수료에 대해 면제 지원이 적용되나요?\n* 네이버 할인지원금이 무엇인가요?\n* 네이버에서 부담한 쿠폰을 사용 했을 경우 어떤 페이지에서 확인해야 하나요?\n* 스마트스토어 일 최대 정산 제한 금액이 있나요?\n* 건별 정산내역 내 정산예정금액에는 판매자부담 구매적립이 포함되어 있나요?\n* 멤버십 회원 대상, 네이버배송(N배송) 혜택 금액 정산은 어떻게 되나요?\n* 에누리/다나와로 지급된 수수료 내역은 어디서 확인 할 수 있나요?\n* 에누리/다나와로 지급된 수수료에 대해서는 세금계산서에 어떻게 표기 되나요?\n* 에누리/다나와로 지급되는 가격비교수수료에 대해서는 부가세 포함 2%인건가요?\n\n "
      },
      {
        "platform": "naver",
        "title": "고객센터 - 스마트스토어",
        "url": "https://help.sell.smartstore.naver.com/faq/content.help?faqId=1470",
        "snippet": "홈\n  + 홈\n 회원가입\n  + 신규 회원가입\n  + 초대로 회원가입\n  + 아이디/비밀번호 찾기\n  + 탈퇴/재가입\n  + 네이버 쇼핑 입점\n  + 2단계 인증\n 상품관리\n  + 그룹상품 리뷰이동\n  + 그룹상품 노출 관리\n  + 상품 조회/수정\n  + 상품 등록\n  + 상품 일괄등록\n  + 카달로그 가격관리\n  + 연관상품 관리\n  + 사진 보관함\n  + 배송정보 관리\n  + 템플릿 관리\n  + 공지사항 관리\n  + 상품정보 검색품질(SEO)\n  + 구독 관리\n  + 상품진단\n  + 상품명 마스터\n 쇼핑윈도관리\n  + 쇼핑윈도 상품 조회/수정\n  + 쇼핑윈도 상품 불러오기\n  + 쇼핑윈도 소식 관리\n  + 쇼핑윈도 스토어 관리\n 판매관리\n  + 주문통합검색\n  + 선물 수락대기\n  + 미결제확인\n  + 발주(주문)확인/발송관리\n  + 배송현황 관리\n  + 구매확정 내역\n  + 취소 관리\n  + 반품 관리\n  + 교환 관리\n  + 판매방해 고객관리\n  + 반품안심케어 [...] # NAVER 스마트스토어센터\n\n궁금할 땐 톡톡상담하세요!\n\n톡톡상담 [...] 스마트스토어명 변경 방법\n\n  스토어명은 14자 이내로 입력해 주세요. 스토어명과 사업자등록증상에 상호명은 상이해도 됩니다.\n\n  스토어명은 스토어명 고유의 이름인만큼 중복 사용은 불가하며, 탈퇴된 스토어명(스토어 이름) 또한 영구적으로 재사용이 불가합니다. \n\n  1. 스토어관리 > 스토어 설정 > 기본정보 관리 > [스토어 관리] 메뉴를 접속합니다.  \n  2. '스토어명' 항목에 변경을 원하는 스마트스토어명을 기재 후 '중복확인' 버튼을 눌러주세요  \n  3. 변경 후 하단에 '저장' 버튼을 눌러주세요.\n\n  ! 주의.\n\n  · 스마트스토어명 변경 후 네이버 가격비교, 네이버플러스 스토어에 반영되기까지는 만 1일이 소요됩니다.  \n\n    네이버쇼핑 반영 전 네이버 가격비교, 네이버플러스 스토어 검색으로 스마트스토어명 또는 상품명을 클릭할 경우 정상적으로 스마트스토어에 접속되지 않습니다.\n\n             \n\n  스마트스토어명 변경 후 URL 주소 변경 방법",
        "score": 0.05771075,
        "timestamp": "2025-11-29T05:40:52.852525",
        "raw_content": "# [NAVER](http://www.naver.com \"NAVER\") [스마트스토어센터](https://sell.smartstore.naver.com \"스마트스토어센터\")\n\n궁금할 땐 톡톡상담하세요!\n\n[톡톡상담](#)\n\n* 홈\n  + [홈](/faq/list.help?categoryId=11082)\n* 회원가입\n  + [신규 회원가입](/faq/list.help?categoryId=535)\n  + [초대로 회원가입](/faq/list.help?categoryId=536)\n  + [아이디/비밀번호 찾기](/faq/list.help?categoryId=537)\n  + [탈퇴/재가입](/faq/list.help?categoryId=538)\n  + [네이버 쇼핑 입점](/faq/list.help?categoryId=539)\n  + [2단계 인증](/faq/list.help?categoryId=924)\n* 상품관리\n  + [그룹상품 리뷰이동](/faq/list.help?categoryId=11086)\n  + [그룹상품 노출 관리](/faq/list.help?categoryId=11126)\n  + [상품 조회/수정](/faq/list.help?categoryId=540)\n  + [상품 등록](/faq/list.help?categoryId=541)\n  + [상품 일괄등록](/faq/list.help?categoryId=542)\n  + [카달로그 가격관리](/faq/list.help?categoryId=848)\n  + [연관상품 관리](/faq/list.help?categoryId=649)\n  + [사진 보관함](/faq/list.help?categoryId=543)\n  + [배송정보 관리](/faq/list.help?categoryId=544)\n  + [템플릿 관리](/faq/list.help?categoryId=545)\n  + [공지사항 관리](/faq/list.help?categoryId=546)\n  + [상품정보 검색품질(SEO)](/faq/list.help?categoryId=811)\n  + [구독 관리](/faq/list.help?categoryId=1006)\n  + [상품진단](/faq/list.help?categoryId=10884)\n  + [상품명 마스터](/faq/list.help?categoryId=10931)\n* 쇼핑윈도관리\n  + [쇼핑윈도 상품 조회/수정](/faq/list.help?categoryId=547)\n  + [쇼핑윈도 상품 불러오기](/faq/list.help?categoryId=548)\n  + [쇼핑윈도 소식 관리](/faq/list.help?categoryId=549)\n  + [쇼핑윈도 스토어 관리](/faq/list.help?categoryId=551)\n* 판매관리\n  + [주문통합검색](/faq/list.help?categoryId=791)\n  + [선물 수락대기](/faq/list.help?categoryId=558)\n  + [미결제확인](/faq/list.help?categoryId=559)\n  + [발주(주문)확인/발송관리](/faq/list.help?categoryId=560)\n  + [배송현황 관리](/faq/list.help?categoryId=561)\n  + [구매확정 내역](/faq/list.help?categoryId=562)\n  + [취소 관리](/faq/list.help?categoryId=563)\n  + [반품 관리](/faq/list.help?categoryId=564)\n  + [교환 관리](/faq/list.help?categoryId=565)\n  + [판매방해 고객관리](/faq/list.help?categoryId=837)\n  + [반품안심케어](/faq/list.help?categoryId=10776)\n* 정산관리\n  + [정산 내역 (일별/건별)](/faq/list.help?categoryId=566)\n  + [항목별 정산 내역](/faq/list.help?categoryId=567)\n  + [부가세신고 내역](/faq/list.help?categoryId=568)\n  + [세금계산서 조회](/faq/list.help?categoryId=569)\n  + [비즈월렛 관리](/faq/list.help?categoryId=570)\n  + [통합 정산내역](/faq/list.help?categoryId=571)\n  + [중소상공인수수료전반](/faq/list.help?categoryId=840)\n  + [빠른정산](/faq/list.help?categoryId=932)\n  + [초보판매자 정산가이드](/faq/list.help?categoryId=10809)\n  + [우대수수료 환급내역](/faq/list.help?categoryId=10867)\n  + [매출연동수수료](/faq/list.help?categoryId=11033)\n* 문의/리뷰관리\n  + [문의 관리](/faq/list.help?categoryId=574)\n  + [고객문의 관리](/faq/list.help?categoryId=575)\n  + [리뷰 관리](/faq/list.help?categoryId=576)\n  + [리뷰이벤트 관리](/faq/list.help?categoryId=857)\n  + [상품상세 블로그글 노출](/faq/list.help?categoryId=10953)\n  + [톡톡 상담하기](/faq/list.help?categoryId=10763)\n  + [톡톡 쇼핑챗봇/AI FAQ 설정](/faq/list.help?categoryId=10764)\n* 스토어관리\n  + [스마트스토어](/faq/list.help?categoryId=577)\n  + [카테고리 관리](/faq/list.help?categoryId=579)\n  + [쇼핑스토리 관리](/faq/list.help?categoryId=652)\n  + [쇼핑라이브 숏클립 등록](/faq/list.help?categoryId=10731)\n  + [기본정보 관리](/faq/list.help?categoryId=580)\n  + [API 관리](/faq/list.help?categoryId=10954)\n  + [SNS 설정](/faq/list.help?categoryId=10965)\n  + [쇼핑윈도 노출 신청](/faq/list.help?categoryId=844)\n  + [네이버 서비스 연결](/faq/list.help?categoryId=847)\n  + [가격비교 서비스 연결](/faq/list.help?categoryId=10967)\n* 혜택/마케팅\n  + [혜택 등록](/faq/list.help?categoryId=608)\n  + [혜택 조회/수정](/faq/list.help?categoryId=663)\n  + [혜택 리포트](/faq/list.help?categoryId=609)\n  + [포인트 지급관리](/faq/list.help?categoryId=10864)\n  + [포인트 지급내역 조회](/faq/list.help?categoryId=799)\n  + [고객등급 관리](/faq/list.help?categoryId=819)\n  + [마케팅 보내기](/faq/list.help?categoryId=918)\n  + [마케팅 이력](/faq/list.help?categoryId=919)\n  + [마케팅 통계](/faq/list.help?categoryId=10728)\n  + [AI 마케팅 효과분석](/faq/list.help?categoryId=10907)\n  + [마케팅 링크 관리](/faq/list.help?categoryId=11058)\n* 브랜드 혜택/마케팅\n  + [고객군 마케팅](/faq/list.help?categoryId=10928)\n  + [타겟팅 성과분석](/faq/list.help?categoryId=10929)\n  + [라운지 노출 관리](/faq/list.help?categoryId=10877)\n  + [라운지 가입 관리](/faq/list.help?categoryId=10878)\n  + [추가 수집 항목 관리](/faq/list.help?categoryId=10879)\n  + [라운지 멤버 관리](/faq/list.help?categoryId=10880)\n  + [라운지 스토리 관리](/faq/list.help?categoryId=10881)\n  + [라운지 통계](/faq/list.help?categoryId=10993)\n* 커머스솔루션\n  + [솔루션 목록](/faq/list.help?categoryId=10768)\n  + [소비자조사](/faq/list.help?categoryId=10900)\n  + [Quick 모니터링 관리](/faq/list.help?categoryId=10902)\n  + [쇼핑 커넥트](/faq/list.help?categoryId=11057)\n* 데이터 분석\n  + [프로모션 진단](/faq/list.help?categoryId=11127)\n  + [스토어분석](/faq/list.help?categoryId=11083)\n  + [요약](/faq/list.help?categoryId=806)\n  + [판매분석](/faq/list.help?categoryId=807)\n  + [마케팅분석](/faq/list.help?categoryId=808)\n  + [쇼핑행동분석](/faq/list.help?categoryId=809)\n  + [시장벤치마크](/faq/list.help?categoryId=810)\n  + [판매성과예측](/faq/list.help?categoryId=871)\n  + [고객현황](/faq/list.help?categoryId=627)\n  + [재구매 통계](/faq/list.help?categoryId=800)\n* 광고관리\n  + [쇼핑버티컬광고](/faq/list.help?categoryId=10946)\n  + [CRM 마케팅 타겟 광고](/faq/list.help?categoryId=11024)\n* 프로모션 관리\n  + [기획전 관리](/faq/list.help?categoryId=845)\n  + [참여형 프로모션 관리](/faq/list.help?categoryId=11061)\n  + [미스터](/faq/list.help?categoryId=927)\n* N배송 관리\n  + [N배송 프로그램](/faq/list.help?categoryId=10834)\n  + [풀필먼트 신청](/faq/list.help?categoryId=1005)\n  + [N배송 재고관리](/faq/list.help?categoryId=11054)\n  + [N배송 입고관리](/faq/list.help?categoryId=11116)\n  + [N배송 리포트관리](/faq/list.help?categoryId=11102)\n  + [물류비 청구내역](/faq/list.help?categoryId=11103)\n  + [풀필먼트 주문 조회](/faq/list.help?categoryId=10942)\n  + [N판매자배송 신청](/faq/list.help?categoryId=10986)\n  + [N판매자배송 운영](/faq/list.help?categoryId=10985)\n  + [판매자 창고 운영](/faq/list.help?categoryId=10944)\n* 판매자 정보\n  + [내정보](/faq/list.help?categoryId=581)\n  + [판매자 정보](/faq/list.help?categoryId=582)\n  + [매니저 관리](/faq/list.help?categoryId=10727)\n  + [판매자 등급](/faq/list.help?categoryId=611)\n  + [정보 변경 신청](/faq/list.help?categoryId=583)\n  + [양도양수](/faq/list.help?categoryId=922)\n  + [사업자 전환](/faq/list.help?categoryId=584)\n  + [상품판매권한 신청](/faq/list.help?categoryId=855)\n  + [고객확인제도](/faq/list.help?categoryId=923)\n  + [심사내역 조회](/faq/list.help?categoryId=10726)\n  + [판매자 지원 프로그램](/faq/list.help?categoryId=10711)\n  + [성장 마일리지](/faq/list.help?categoryId=11091)\n  + [굿서비스 점수](/faq/list.help?categoryId=11125)\n* 공지사항\n  + [공지사항](/faq/list.help?categoryId=10730)\n* 공통/기타\n  + [판매자센터 기본 이용방법](/faq/list.help?categoryId=586)\n  + [스마트스토어센터 알림](/faq/list.help?categoryId=868)\n  + [쇼핑라이브](/faq/list.help?categoryId=883)\n  + [사장님 보험](/faq/list.help?categoryId=933)\n  + [스마트스토어 사업자 대출](/faq/list.help?categoryId=934)\n  + [사업자대출 대출안심케어](/faq/list.help?categoryId=989)\n  + [정책지원금](/faq/list.help?categoryId=10769)\n  + [스마트플레이스 사업자 대출](/faq/list.help?categoryId=10782)\n  + [커머스API센터](/faq/list.help?categoryId=10783)\n  + [네이버페이 마이비즈](/faq/list.help?categoryId=10787)\n  + [스마트스토어 보증서 대출](/faq/list.help?categoryId=10909)\n  + [API데이터솔루션(통계)](/faq/list.help?categoryId=10943)\n  + [안전거래 정책](/faq/list.help?categoryId=10979)\n\n* [1:1 문의하기](/mail/form.help)\n* [1:1 문의내역](/mail/history.help)\n* [신고하기](/mail/form.help?alias=shopn_accuse)\n* [원격지원서비스](https://m.remote.naver.com/)\n\n[스마트스토어센터 *사용자 매뉴얼*](https://sell.smartstore.naver.com/#/center-notice/list/MANUAL)\n\n[좌측 내비게이션 숨기기](#)\n\n## 고객센터\n\n**FAQ**\n\n전체\n\n* 전체\n* 홈\n* 회원가입\n* 상품관리\n* 쇼핑윈도관리\n* 판매관리\n* 정산관리\n* 문의/리뷰관리\n* 스토어관리\n* 혜택/마케팅\n* 브랜드 혜택/마케팅\n* 커머스솔루션\n* 데이터 분석\n* 광고관리\n* 프로모션 관리\n* N배송 관리\n* 판매자 정보\n* 공지사항\n* 공통/기타\n\n* [자주 묻는 질문](#)\n* [★ 메뉴 활용 방법](#)\n* [2단계 인증](#)\n* [가입 절차](#)\n* [고객확인제도](#)\n* [수수료의 종류](#)\n* [상품등록](#)\n* [발송처리](#)\n* [자동 구매확정](#)\n* [부가세신고](#)\n\n### 기본정보 관리\n\n* 스토어 관리 메뉴 안내\n* 스토어 대표 이미지는 어떻게 변경하나요?\n* 스토어 대표 이미지는 반드시 등록해야 하나요?\n* 소개글은 어떻게 변경하나요?\n* API 연동용 판매자ID는 어떻게 발급받나요?\n* 스마트스토어 소개글은 어디에 노출되나요?\n* 스마트스토어 소개글은 최대 몇 글자까지 입력가능한가요?\n* 스마트스토어 도메인 주소(url)을 변경하고 싶어요.\n* 스마트스토어 주소를 기존 이용 중인 쇼핑몰 도메인으로 사용할 수 있나요?\n* 새로 구입한 개인도메인을 등록하고 싶어요.\n* 고객센터 연락처(대표번호)는 어디서 수정하나요?\n* 개인도메인으로 [.shop] 사용 가능한가요?\n* 스마트스토어명을 수정하고 싶어요.\n\n  스마트스토어명 변경을 원할 경우 [스토어관리 > 스토어 설정 > 기본정보 관리 > [**스토어 관리**](https://sell.smartstore.naver.com/#/sellers/store/detail/smartstore)] 메뉴에서 가능하며, **1회에 한해** 변경 가능합니다.\n\n  만약, 1회 변경 이력이 있는 경우 '변경' 버튼이 미노출되며 변경이 불가합니다. \n\n           \n\n  **스마트스토어명 변경 방법**\n\n  스토어명은 14자 이내로 입력해 주세요. 스토어명과 사업자등록증상에 상호명은 상이해도 됩니다.\n\n  스토어명은 스토어명 고유의 이름인만큼 중복 사용은 불가하며, 탈퇴된 스토어명(스토어 이름) 또한 영구적으로 재사용이 불가합니다. \n\n  1. [스토어관리 > 스토어 설정 > 기본정보 관리 > [**스토어 관리**](https://sell.smartstore.naver.com/#/sellers/store/detail/smartstore)] 메뉴를 접속합니다.  \n  2. '스토어명' 항목에 변경을 원하는 스마트스토어명을 기재 후 '중복확인' 버튼을 눌러주세요  \n  3. 변경 후 하단에 '저장' 버튼을 눌러주세요.\n\n  **! 주의.**\n\n  · 스마트스토어명 변경 후 네이버 가격비교, 네이버플러스 스토어에 반영되기까지는 만 1일이 소요됩니다.  \n\n    네이버쇼핑 반영 전 네이버 가격비교, 네이버플러스 스토어 검색으로 스마트스토어명 또는 상품명을 클릭할 경우 정상적으로 스마트스토어에 접속되지 않습니다.\n\n             \n\n  **스마트스토어명 변경 후 URL 주소 변경 방법**\n\n  스마트스토어명 변경 후 URL주소 변경이 필요한 경우 고객센터로 **[톡톡상담](https://talk.naver.com/ct/wcbgqj?frm=cstpn)**으로 문의해 주시면 확인 후 도움드리겠습니다.\n\n  (톡톡상담 카테고리 : 판매자정보/스토어정보/고객확인제도 > 스토어 정보변경 > 스토어 URL을 변경하고 싶어요 > 스토어명을 변경했어요 > 상담원 연결)\n\n  단, URL주소 변경 시에는 웹사이트 노출 랭킹이 하락 할 수 있는 점 참고 부탁드립니다. \n\n             \n\n  위 도움말이 도움이 되었나요?\n\n  도움말에 대한 소중한 의견은 서비스 개선에 큰 도움이 됩니다. 만약, 궁금하신 내용이 있다면 고객센터로 문의주시면 친절히 안내해 드리겠습니다.\n\n  도움말 닫기\n* 스토어 대표이미지는 어디에 노출되나요?\n* 개인도메인 설정 시 유의사항이 있나요?\n* 스토어 대표이미지는 권장사이즈가 어떻게 되나요?\n* 개인도메인을 설정했는데 연결 및 등록이 안돼요.\n* 고객센터 전화번호 인증 시 안심번호로 진행 가능한가요?\n* 탈퇴한 스토어명(스토어 이름)은 사용 할 수 없나요?\n* 검색되는 스토어명이 없으나, 사용할 수 없는 스토어명이라고 확인됩니다. 왜 그런가요?"
      },
      {
        "platform": "naver",
        "title": "스마트스토어 고객센터",
        "url": "https://help.sell.smartstore.naver.com/faq/content.help?faqId=5077",
        "snippet": "전체\n   전체\n   홈\n   회원가입\n   상품관리\n   쇼핑윈도관리\n   판매관리\n   정산관리\n   문의/리뷰관리\n   스토어관리\n   혜택/마케팅\n   브랜드 혜택/마케팅\n   커머스솔루션\n   데이터 분석\n   광고관리\n   프로모션 관리\n   N배송 관리\n   판매자 정보\n   공지사항\n   공통/기타\n\n검색어 입력 0/100\n\n검색\n\n자동완성 켜기 자동완성 끄기 닫기\n\n   자주 묻는 질문\n   ★ 메뉴 활용 방법\n   2단계 인증\n   가입 절차\n   고객확인제도\n   수수료의 종류\n   상품등록\n   발송처리\n   자동 구매확정\n   부가세신고\n\n### 카탈로그 가격관리\n\n   ★ 카탈로그 가격관리 메뉴 활용방법네이버 쇼핑 카탈로그에 상품 정보를 활용하여 내 판매 상품의 가격 관리를 용이하게 해주는 메뉴입니다.\n\n내 판매 상품이 포함된 카탈로그에 최저 가격을 쉽게 확인할 수 있으며, 가격경쟁력과 인기 상품 위주로 관리할 수 있도록 도움드립니다. [...] 스마트스토어 고객센터\n\nNAVER스마트스토어센터\n\n로그인\n\n궁금할 땐 톡톡상담하세요!\n\n톡톡상담\n\n   홈\n       홈\n\n   회원가입\n       신규 회원가입\n       초대로 회원가입\n       아이디/비밀번호 찾기\n       탈퇴/재가입\n       네이버 쇼핑 입점\n       2단계 인증\n\n   상품관리\n       그룹상품 리뷰이동\n       그룹상품 노출 관리\n       상품 조회/수정\n       상품 등록\n       상품 일괄등록\n       카탈로그 가격관리\n       연관상품 관리\n       사진 보관함\n       배송정보 관리\n       템플릿 관리\n       공지사항 관리\n       상품정보 검색품질(SEO)\n       구독 관리\n       상품명 마스터\n       등록 정보 검토\n       검색 순위 진단 [...] 문의/리뷰관리\n       문의 관리\n       고객문의 관리\n       리뷰 관리\n       리뷰이벤트 관리\n       상품상세 블로그글 노출\n       톡톡 상담하기\n       톡톡 쇼핑챗봇/AI FAQ 설정\n\n   스토어관리\n       스마트스토어\n       카테고리 관리\n       쇼핑스토리 관리\n       쇼핑라이브 숏클립 등록\n       기본정보 관리\n       API 관리\n       SNS 설정\n       쇼핑윈도 노출 신청\n       네이버 서비스 연결\n       가격비교 서비스 연결\n\n   혜택/마케팅\n       혜택 등록\n       혜택 조회/수정\n       혜택 리포트\n       포인트 지급관리\n       포인트 지급내역 조회\n       고객등급 관리\n       마케팅 보내기\n       마케팅 이력\n       마케팅 통계\n       AI 마케팅 효과분석\n       마케팅 링크 관리",
        "score": 0.05177361,
        "timestamp": "2025-11-29T05:40:52.852528",
        "raw_content": "스마트스토어 고객센터\n\n===============\n\n[NAVER](http://www.naver.com/ \"NAVER\")[스마트스토어센터](https://sell.smartstore.naver.com/ \"스마트스토어센터\")\n===============================================================================================\n\n[로그인](https://help.sell.smartstore.naver.com/faq/content.help?faqId=5077#)\n\n궁금할 땐 톡톡상담하세요!\n\n[톡톡상담](https://help.sell.smartstore.naver.com/faq/content.help?faqId=5077#)\n\n*   [홈](https://help.sell.smartstore.naver.com/faq/content.help?faqId=5077)\n    *   [홈](https://help.sell.smartstore.naver.com/faq/list.help?categoryId=11082)\n\n*   [회원가입](https://help.sell.smartstore.naver.com/faq/content.help?faqId=5077)\n    *   [신규 회원가입](https://help.sell.smartstore.naver.com/faq/list.help?categoryId=535)\n    *   [초대로 회원가입](https://help.sell.smartstore.naver.com/faq/list.help?categoryId=536)\n    *   [아이디/비밀번호 찾기](https://help.sell.smartstore.naver.com/faq/list.help?categoryId=537)\n    *   [탈퇴/재가입](https://help.sell.smartstore.naver.com/faq/list.help?categoryId=538)\n    *   [네이버 쇼핑 입점](https://help.sell.smartstore.naver.com/faq/list.help?categoryId=539)\n    *   [2단계 인증](https://help.sell.smartstore.naver.com/faq/list.help?categoryId=924)\n\n*   [상품관리](https://help.sell.smartstore.naver.com/faq/content.help?faqId=5077)\n    *   [그룹상품 리뷰이동](https://help.sell.smartstore.naver.com/faq/list.help?categoryId=11086)\n    *   [그룹상품 노출 관리](https://help.sell.smartstore.naver.com/faq/list.help?categoryId=11126)\n    *   [상품 조회/수정](https://help.sell.smartstore.naver.com/faq/list.help?categoryId=540)\n    *   [상품 등록](https://help.sell.smartstore.naver.com/faq/list.help?categoryId=541)\n    *   [상품 일괄등록](https://help.sell.smartstore.naver.com/faq/list.help?categoryId=542)\n    *   [카탈로그 가격관리](https://help.sell.smartstore.naver.com/faq/list.help?categoryId=848)\n    *   [연관상품 관리](https://help.sell.smartstore.naver.com/faq/list.help?categoryId=649)\n    *   [사진 보관함](https://help.sell.smartstore.naver.com/faq/list.help?categoryId=543)\n    *   [배송정보 관리](https://help.sell.smartstore.naver.com/faq/list.help?categoryId=544)\n    *   [템플릿 관리](https://help.sell.smartstore.naver.com/faq/list.help?categoryId=545)\n    *   [공지사항 관리](https://help.sell.smartstore.naver.com/faq/list.help?categoryId=546)\n    *   [상품정보 검색품질(SEO)](https://help.sell.smartstore.naver.com/faq/list.help?categoryId=811)\n    *   [구독 관리](https://help.sell.smartstore.naver.com/faq/list.help?categoryId=1006)\n    *   [상품명 마스터](https://help.sell.smartstore.naver.com/faq/list.help?categoryId=10931)\n    *   [등록 정보 검토](https://help.sell.smartstore.naver.com/faq/list.help?categoryId=11139)\n    *   [검색 순위 진단](https://help.sell.smartstore.naver.com/faq/list.help?categoryId=11140)\n\n*   [쇼핑윈도관리](https://help.sell.smartstore.naver.com/faq/content.help?faqId=5077)\n    *   [쇼핑윈도 상품 조회/수정](https://help.sell.smartstore.naver.com/faq/list.help?categoryId=547)\n    *   [쇼핑윈도 상품 불러오기](https://help.sell.smartstore.naver.com/faq/list.help?categoryId=548)\n    *   [쇼핑윈도 소식 관리](https://help.sell.smartstore.naver.com/faq/list.help?categoryId=549)\n    *   [쇼핑윈도 스토어 관리](https://help.sell.smartstore.naver.com/faq/list.help?categoryId=551)\n\n*   [판매관리](https://help.sell.smartstore.naver.com/faq/content.help?faqId=5077)\n    *   [주문통합검색](https://help.sell.smartstore.naver.com/faq/list.help?categoryId=791)\n    *   [선물 수락대기](https://help.sell.smartstore.naver.com/faq/list.help?categoryId=558)\n    *   [미결제확인](https://help.sell.smartstore.naver.com/faq/list.help?categoryId=559)\n    *   [발주(주문)확인/발송관리](https://help.sell.smartstore.naver.com/faq/list.help?categoryId=560)\n    *   [배송현황 관리](https://help.sell.smartstore.naver.com/faq/list.help?categoryId=561)\n    *   [구매확정 내역](https://help.sell.smartstore.naver.com/faq/list.help?categoryId=562)\n    *   [취소 관리](https://help.sell.smartstore.naver.com/faq/list.help?categoryId=563)\n    *   [반품 관리](https://help.sell.smartstore.naver.com/faq/list.help?categoryId=564)\n    *   [교환 관리](https://help.sell.smartstore.naver.com/faq/list.help?categoryId=565)\n    *   [판매방해 고객관리](https://help.sell.smartstore.naver.com/faq/list.help?categoryId=837)\n    *   [반품안심케어](https://help.sell.smartstore.naver.com/faq/list.help?categoryId=10776)\n\n*   [정산관리](https://help.sell.smartstore.naver.com/faq/content.help?faqId=5077)\n    *   [정산 내역 (일별/건별)](https://help.sell.smartstore.naver.com/faq/list.help?categoryId=566)\n    *   [항목별 정산 내역](https://help.sell.smartstore.naver.com/faq/list.help?categoryId=567)\n    *   [빠른정산](https://help.sell.smartstore.naver.com/faq/list.help?categoryId=932)\n    *   [부가세신고 내역](https://help.sell.smartstore.naver.com/faq/list.help?categoryId=568)\n    *   [세금계산서 조회](https://help.sell.smartstore.naver.com/faq/list.help?categoryId=569)\n    *   [비즈월렛 관리](https://help.sell.smartstore.naver.com/faq/list.help?categoryId=570)\n    *   [통합 정산내역](https://help.sell.smartstore.naver.com/faq/list.help?categoryId=571)\n    *   [중소상공인수수료전반](https://help.sell.smartstore.naver.com/faq/list.help?categoryId=840)\n    *   [초보판매자 정산가이드](https://help.sell.smartstore.naver.com/faq/list.help?categoryId=10809)\n    *   [우대수수료 환급내역](https://help.sell.smartstore.naver.com/faq/list.help?categoryId=10867)\n    *   [매출연동수수료](https://help.sell.smartstore.naver.com/faq/list.help?categoryId=11033)\n\n*   [문의/리뷰관리](https://help.sell.smartstore.naver.com/faq/content.help?faqId=5077)\n    *   [문의 관리](https://help.sell.smartstore.naver.com/faq/list.help?categoryId=574)\n    *   [고객문의 관리](https://help.sell.smartstore.naver.com/faq/list.help?categoryId=575)\n    *   [리뷰 관리](https://help.sell.smartstore.naver.com/faq/list.help?categoryId=576)\n    *   [리뷰이벤트 관리](https://help.sell.smartstore.naver.com/faq/list.help?categoryId=857)\n    *   [상품상세 블로그글 노출](https://help.sell.smartstore.naver.com/faq/list.help?categoryId=10953)\n    *   [톡톡 상담하기](https://help.sell.smartstore.naver.com/faq/list.help?categoryId=10763)\n    *   [톡톡 쇼핑챗봇/AI FAQ 설정](https://help.sell.smartstore.naver.com/faq/list.help?categoryId=10764)\n\n*   [스토어관리](https://help.sell.smartstore.naver.com/faq/content.help?faqId=5077)\n    *   [스마트스토어](https://help.sell.smartstore.naver.com/faq/list.help?categoryId=577)\n    *   [카테고리 관리](https://help.sell.smartstore.naver.com/faq/list.help?categoryId=579)\n    *   [쇼핑스토리 관리](https://help.sell.smartstore.naver.com/faq/list.help?categoryId=652)\n    *   [쇼핑라이브 숏클립 등록](https://help.sell.smartstore.naver.com/faq/list.help?categoryId=10731)\n    *   [기본정보 관리](https://help.sell.smartstore.naver.com/faq/list.help?categoryId=580)\n    *   [API 관리](https://help.sell.smartstore.naver.com/faq/list.help?categoryId=10954)\n    *   [SNS 설정](https://help.sell.smartstore.naver.com/faq/list.help?categoryId=10965)\n    *   [쇼핑윈도 노출 신청](https://help.sell.smartstore.naver.com/faq/list.help?categoryId=844)\n    *   [네이버 서비스 연결](https://help.sell.smartstore.naver.com/faq/list.help?categoryId=847)\n    *   [가격비교 서비스 연결](https://help.sell.smartstore.naver.com/faq/list.help?categoryId=10967)\n\n*   [혜택/마케팅](https://help.sell.smartstore.naver.com/faq/content.help?faqId=5077)\n    *   [혜택 등록](https://help.sell.smartstore.naver.com/faq/list.help?categoryId=608)\n    *   [혜택 조회/수정](https://help.sell.smartstore.naver.com/faq/list.help?categoryId=663)\n    *   [혜택 리포트](https://help.sell.smartstore.naver.com/faq/list.help?categoryId=609)\n    *   [포인트 지급관리](https://help.sell.smartstore.naver.com/faq/list.help?categoryId=10864)\n    *   [포인트 지급내역 조회](https://help.sell.smartstore.naver.com/faq/list.help?categoryId=799)\n    *   [고객등급 관리](https://help.sell.smartstore.naver.com/faq/list.help?categoryId=819)\n    *   [마케팅 보내기](https://help.sell.smartstore.naver.com/faq/list.help?categoryId=918)\n    *   [마케팅 이력](https://help.sell.smartstore.naver.com/faq/list.help?categoryId=919)\n    *   [마케팅 통계](https://help.sell.smartstore.naver.com/faq/list.help?categoryId=10728)\n    *   [AI 마케팅 효과분석](https://help.sell.smartstore.naver.com/faq/list.help?categoryId=10907)\n    *   [마케팅 링크 관리](https://help.sell.smartstore.naver.com/faq/list.help?categoryId=11058)\n\n*   [브랜드 혜택/마케팅](https://help.sell.smartstore.naver.com/faq/content.help?faqId=5077)\n    *   [고객군 마케팅](https://help.sell.smartstore.naver.com/faq/list.help?categoryId=10928)\n    *   [타겟팅 성과분석](https://help.sell.smartstore.naver.com/faq/list.help?categoryId=10929)\n    *   [라운지 노출 관리](https://help.sell.smartstore.naver.com/faq/list.help?categoryId=10877)\n    *   [라운지 가입 관리](https://help.sell.smartstore.naver.com/faq/list.help?categoryId=10878)\n    *   [추가 수집 항목 관리](https://help.sell.smartstore.naver.com/faq/list.help?categoryId=10879)\n    *   [라운지 멤버 관리](https://help.sell.smartstore.naver.com/faq/list.help?categoryId=10880)\n    *   [라운지 스토리 관리](https://help.sell.smartstore.naver.com/faq/list.help?categoryId=10881)\n    *   [라운지 통계](https://help.sell.smartstore.naver.com/faq/list.help?categoryId=10993)\n\n*   [커머스솔루션](https://help.sell.smartstore.naver.com/faq/content.help?faqId=5077)\n    *   [솔루션 목록](https://help.sell.smartstore.naver.com/faq/list.help?categoryId=10768)\n    *   [소비자조사](https://help.sell.smartstore.naver.com/faq/list.help?categoryId=10900)\n    *   [Quick 모니터링 관리](https://help.sell.smartstore.naver.com/faq/list.help?categoryId=10902)\n    *   [쇼핑 커넥트](https://help.sell.smartstore.naver.com/faq/list.help?categoryId=11057)\n\n*   [데이터 분석](https://help.sell.smartstore.naver.com/faq/content.help?faqId=5077)\n    *   [프로모션 진단](https://help.sell.smartstore.naver.com/faq/list.help?categoryId=11127)\n    *   [스토어분석](https://help.sell.smartstore.naver.com/faq/list.help?categoryId=11083)\n    *   [요약](https://help.sell.smartstore.naver.com/faq/list.help?categoryId=806)\n    *   [판매분석](https://help.sell.smartstore.naver.com/faq/list.help?categoryId=807)\n    *   [마케팅분석](https://help.sell.smartstore.naver.com/faq/list.help?categoryId=808)\n    *   [쇼핑행동분석](https://help.sell.smartstore.naver.com/faq/list.help?categoryId=809)\n    *   [시장벤치마크](https://help.sell.smartstore.naver.com/faq/list.help?categoryId=810)\n    *   [판매성과예측](https://help.sell.smartstore.naver.com/faq/list.help?categoryId=871)\n    *   [고객현황](https://help.sell.smartstore.naver.com/faq/list.help?categoryId=627)\n    *   [재구매 통계](https://help.sell.smartstore.naver.com/faq/list.help?categoryId=800)\n\n*   [광고관리](https://help.sell.smartstore.naver.com/faq/content.help?faqId=5077)\n    *   [쇼핑버티컬광고](https://help.sell.smartstore.naver.com/faq/list.help?categoryId=10946)\n    *   [CRM 마케팅 타겟 광고](https://help.sell.smartstore.naver.com/faq/list.help?categoryId=11024)\n\n*   [프로모션 관리](https://help.sell.smartstore.naver.com/faq/content.help?faqId=5077)\n    *   [기획전 관리](https://help.sell.smartstore.naver.com/faq/list.help?categoryId=845)\n    *   [참여형 프로모션 관리](https://help.sell.smartstore.naver.com/faq/list.help?categoryId=11061)\n    *   [미스터](https://help.sell.smartstore.naver.com/faq/list.help?categoryId=927)\n\n*   [N배송 관리](https://help.sell.smartstore.naver.com/faq/content.help?faqId=5077)\n    *   [N배송 프로그램](https://help.sell.smartstore.naver.com/faq/list.help?categoryId=10834)\n    *   [N배송 신청하기](https://help.sell.smartstore.naver.com/faq/list.help?categoryId=1005)\n    *   [N배송 재고관리](https://help.sell.smartstore.naver.com/faq/list.help?categoryId=11054)\n    *   [N배송 입고관리](https://help.sell.smartstore.naver.com/faq/list.help?categoryId=11116)\n    *   [N배송 리포트관리](https://help.sell.smartstore.naver.com/faq/list.help?categoryId=11102)\n    *   [물류비 청구내역](https://help.sell.smartstore.naver.com/faq/list.help?categoryId=11103)\n    *   [풀필먼트 주문 조회](https://help.sell.smartstore.naver.com/faq/list.help?categoryId=10942)\n    *   [N판매자배송 신청](https://help.sell.smartstore.naver.com/faq/list.help?categoryId=10986)\n    *   [N판매자배송 운영](https://help.sell.smartstore.naver.com/faq/list.help?categoryId=10985)\n    *   [판매자 창고 운영](https://help.sell.smartstore.naver.com/faq/list.help?categoryId=10944)\n\n*   [판매자 정보](https://help.sell.smartstore.naver.com/faq/content.help?faqId=5077)\n    *   [내정보](https://help.sell.smartstore.naver.com/faq/list.help?categoryId=581)\n    *   [판매자 정보](https://help.sell.smartstore.naver.com/faq/list.help?categoryId=582)\n    *   [매니저 관리](https://help.sell.smartstore.naver.com/faq/list.help?categoryId=10727)\n    *   [판매자 등급](https://help.sell.smartstore.naver.com/faq/list.help?categoryId=611)\n    *   [정보 변경 신청](https://help.sell.smartstore.naver.com/faq/list.help?categoryId=583)\n    *   [양도양수](https://help.sell.smartstore.naver.com/faq/list.help?categoryId=922)\n    *   [사업자 전환](https://help.sell.smartstore.naver.com/faq/list.help?categoryId=584)\n    *   [상품판매권한 신청](https://help.sell.smartstore.naver.com/faq/list.help?categoryId=855)\n    *   [고객확인제도](https://help.sell.smartstore.naver.com/faq/list.help?categoryId=923)\n    *   [심사내역 조회](https://help.sell.smartstore.naver.com/faq/list.help?categoryId=10726)\n    *   [판매자 지원 프로그램](https://help.sell.smartstore.naver.com/faq/list.help?categoryId=10711)\n    *   [성장 마일리지](https://help.sell.smartstore.naver.com/faq/list.help?categoryId=11091)\n    *   [굿서비스 점수](https://help.sell.smartstore.naver.com/faq/list.help?categoryId=11125)\n\n*   [공지사항](https://help.sell.smartstore.naver.com/faq/content.help?faqId=5077)\n    *   [공지사항](https://help.sell.smartstore.naver.com/faq/list.help?categoryId=10730)\n\n*   [공통/기타](https://help.sell.smartstore.naver.com/faq/content.help?faqId=5077)\n    *   [판매자센터 기본 이용방법](https://help.sell.smartstore.naver.com/faq/list.help?categoryId=586)\n    *   [스마트스토어센터 알림](https://help.sell.smartstore.naver.com/faq/list.help?categoryId=868)\n    *   [쇼핑라이브](https://help.sell.smartstore.naver.com/faq/list.help?categoryId=883)\n    *   [사장님 보험](https://help.sell.smartstore.naver.com/faq/list.help?categoryId=933)\n    *   [스마트스토어 사업자 대출](https://help.sell.smartstore.naver.com/faq/list.help?categoryId=934)\n    *   [사업자대출 대출안심케어](https://help.sell.smartstore.naver.com/faq/list.help?categoryId=989)\n    *   [정책지원금](https://help.sell.smartstore.naver.com/faq/list.help?categoryId=10769)\n    *   [스마트플레이스 사업자 대출](https://help.sell.smartstore.naver.com/faq/list.help?categoryId=10782)\n    *   [커머스API센터](https://help.sell.smartstore.naver.com/faq/list.help?categoryId=10783)\n    *   [네이버페이 마이비즈](https://help.sell.smartstore.naver.com/faq/list.help?categoryId=10787)\n    *   [스마트스토어 보증서 대출](https://help.sell.smartstore.naver.com/faq/list.help?categoryId=10909)\n    *   [API데이터솔루션(통계)](https://help.sell.smartstore.naver.com/faq/list.help?categoryId=10943)\n    *   [안전거래 정책](https://help.sell.smartstore.naver.com/faq/list.help?categoryId=10979)\n\n*   [1:1 문의하기](https://help.sell.smartstore.naver.com/mail/form.help)\n*   [1:1 문의내역](https://help.sell.smartstore.naver.com/mail/history.help)\n*   [신고하기](https://help.sell.smartstore.naver.com/mail/form.help?alias=shopn_accuse)\n*   [원격지원서비스](http://61.247.209.91/users/main/join.html)\n\n[스마트스토어센터 _사용자 매뉴얼_](https://sell.smartstore.naver.com/#/center-notice/list/MANUAL)\n\n[좌측 내비게이션 숨기기](https://help.sell.smartstore.naver.com/faq/content.help?faqId=5077#)\n\n고객센터\n----\n\n**FAQ**\n\n[전체](https://help.sell.smartstore.naver.com/faq/content.help?faqId=5077)\n*   [전체](https://help.sell.smartstore.naver.com/faq/content.help?faqId=5077)\n*   [홈](https://help.sell.smartstore.naver.com/faq/content.help?faqId=5077)\n*   [회원가입](https://help.sell.smartstore.naver.com/faq/content.help?faqId=5077)\n*   [상품관리](https://help.sell.smartstore.naver.com/faq/content.help?faqId=5077)\n*   [쇼핑윈도관리](https://help.sell.smartstore.naver.com/faq/content.help?faqId=5077)\n*   [판매관리](https://help.sell.smartstore.naver.com/faq/content.help?faqId=5077)\n*   [정산관리](https://help.sell.smartstore.naver.com/faq/content.help?faqId=5077)\n*   [문의/리뷰관리](https://help.sell.smartstore.naver.com/faq/content.help?faqId=5077)\n*   [스토어관리](https://help.sell.smartstore.naver.com/faq/content.help?faqId=5077)\n*   [혜택/마케팅](https://help.sell.smartstore.naver.com/faq/content.help?faqId=5077)\n*   [브랜드 혜택/마케팅](https://help.sell.smartstore.naver.com/faq/content.help?faqId=5077)\n*   [커머스솔루션](https://help.sell.smartstore.naver.com/faq/content.help?faqId=5077)\n*   [데이터 분석](https://help.sell.smartstore.naver.com/faq/content.help?faqId=5077)\n*   [광고관리](https://help.sell.smartstore.naver.com/faq/content.help?faqId=5077)\n*   [프로모션 관리](https://help.sell.smartstore.naver.com/faq/content.help?faqId=5077)\n*   [N배송 관리](https://help.sell.smartstore.naver.com/faq/content.help?faqId=5077)\n*   [판매자 정보](https://help.sell.smartstore.naver.com/faq/content.help?faqId=5077)\n*   [공지사항](https://help.sell.smartstore.naver.com/faq/content.help?faqId=5077)\n*   [공통/기타](https://help.sell.smartstore.naver.com/faq/content.help?faqId=5077)\n\n검색어 입력 0/100\n\n[검색](https://help.sell.smartstore.naver.com/faq/content.help?faqId=5077#)\n\n자동완성 켜기 자동완성 끄기 닫기\n\n*   [자주 묻는 질문](https://help.sell.smartstore.naver.com/faq/content.help?faqId=5077#)\n*   [★ 메뉴 활용 방법](https://help.sell.smartstore.naver.com/faq/content.help?faqId=5077#)\n*   [2단계 인증](https://help.sell.smartstore.naver.com/faq/content.help?faqId=5077#)\n*   [가입 절차](https://help.sell.smartstore.naver.com/faq/content.help?faqId=5077#)\n*   [고객확인제도](https://help.sell.smartstore.naver.com/faq/content.help?faqId=5077#)\n*   [수수료의 종류](https://help.sell.smartstore.naver.com/faq/content.help?faqId=5077#)\n*   [상품등록](https://help.sell.smartstore.naver.com/faq/content.help?faqId=5077#)\n*   [발송처리](https://help.sell.smartstore.naver.com/faq/content.help?faqId=5077#)\n*   [자동 구매확정](https://help.sell.smartstore.naver.com/faq/content.help?faqId=5077#)\n*   [부가세신고](https://help.sell.smartstore.naver.com/faq/content.help?faqId=5077#)\n\n### 카탈로그 가격관리\n\n*   [★ 카탈로그 가격관리 메뉴 활용방법](https://help.sell.smartstore.naver.com/faq/content.help?faqId=5077)네이버 쇼핑 카탈로그에 상품 정보를 활용하여 내 판매 상품의 가격 관리를 용이하게 해주는 메뉴입니다.\n\n내 판매 상품이 포함된 카탈로그에 최저 가격을 쉽게 확인할 수 있으며, 가격경쟁력과 인기 상품 위주로 관리할 수 있도록 도움드립니다. \n\n또한 최저가 알림 수신 기능도 함께 제공되고 있으니, 주력 상품의 가격 변동을 실시간으로 받아보세요.\n\n**[카탈로그 가격관리 주요 기능]**\n\n1. 판매자 상품과 카탈로그 내 최저가격, 판매자 상품의 가격 순위, 최저가 대비 가격경쟁력 등 정보 제공\n\n2. 카탈로그에 최저가 변동이 있을 때 알림 수신 가능\n\n3. 화면 내에서 판매가, 할인가 수정 가능\n\n자세한 내용은 아래 '카탈로그 가격관리 매뉴얼 살펴보기'를 확인해 주세요.\n\n[**카탈로그 가격관리 매뉴얼 살펴보기**](https://sell.smartstore.naver.com/#/center-notice/detail/100004077)**》**\n\n위 도움말이 도움이 되었나요?\n\n- [x] 별점1점 - [x] 별점2점 - [x] 별점3점 - [x] 별점4점 - [x] 별점5점   도움말에 대한 소중한 의견은 서비스 개선에 큰 도움이 됩니다. 만약, 궁금하신 내용이 있다면 고객센터로 문의주시면 친절히 안내해 드리겠습니다.보내기  [도움말 닫기](https://help.sell.smartstore.naver.com/faq/content.help?faqId=5077)  \n*   [카탈로그는 어떤 건가요?](https://help.sell.smartstore.naver.com/faq/content.help?faqId=5077)\n*   [카탈로그 가격관리에 조회되는 상품수가 너무 적게 노출 되는데 왜그런가요?](https://help.sell.smartstore.naver.com/faq/content.help?faqId=5077)\n*   [화면에 나오는 최저가와 현재 카탈로그 가격이 다른데 왜 그런가요?](https://help.sell.smartstore.naver.com/faq/content.help?faqId=5077)\n*   [카탈로그 가격관리를 통해 가격을 변경하면 카탈로그에 바로 반영되나요?](https://help.sell.smartstore.naver.com/faq/content.help?faqId=5077)\n*   [전혀 다른 상품에 카탈로그와 묶여 있는데. 어떻게 해야 하나요?](https://help.sell.smartstore.naver.com/faq/content.help?faqId=5077)\n*   [상품조회 결과에 수동 카탈로그만 있는데 왜그런가요?](https://help.sell.smartstore.naver.com/faq/content.help?faqId=5077)\n*   [전체 상품건수가 상품 조회/수정 화면과 다른데 왜그런가요?](https://help.sell.smartstore.naver.com/faq/content.help?faqId=5077)\n*   [인기 카탈로그 상품은 무엇인가요?](https://help.sell.smartstore.naver.com/faq/content.help?faqId=5077)\n*   [3일간 판매 베스트 상품은 무엇인가요?](https://help.sell.smartstore.naver.com/faq/content.help?faqId=5077)\n*   [카탈로그 순위는 뭔가요?](https://help.sell.smartstore.naver.com/faq/content.help?faqId=5077)\n*   [가격경쟁력은 뭔가요?](https://help.sell.smartstore.naver.com/faq/content.help?faqId=5077)\n*   [가격변동 알림은 어떻게 설정하나요?](https://help.sell.smartstore.naver.com/faq/content.help?faqId=5077)\n*   [가격변동이 발생할때마다 알림을 받을 수 있나요?](https://help.sell.smartstore.naver.com/faq/content.help?faqId=5077)\n\n*   [이용약관](https://sell.smartstore.naver.com/#/terms/agreement \"새창\")\n*   [전자금융거래 이용약관](https://new-m.pay.naver.com/member/terms-policy/finance \"새창\")\n*   [**개인정보 처리방침**](http://mktg.naver.com/privacy/privacy.html \"새창\")\n*   [청소년 보호정책](http://www.naver.com/policy/youthpolicy.html \"새창\")\n*   [책임의 한계와 법적고지](http://smartstore.naver.com/main/rules/responsibility \"팝업\")\n*   [안전거래가이드](http://ips.smartstore.naver.com/main/rules/safety \"새창\")\n*   [고객센터](https://help.sell.smartstore.naver.com/)\n\n네이버㈜는 결제정보의 중개서비스 또는 통신판매중개시스템의 제공자로서, 통신판매의 당사자가 아니며, 상품의 주문, 배송 및 환불 등과 관련한 의무와 책임은 각 판매자에게 있습니다.\n\n또한 판매자와 구매자간의 직거래에 대하여 당사는 관여하지 않기 때문에 거래에 대해서는 책임을 지지 않습니다.\n\n*   사업자등록번호 : 220-81-62517\n*   통신판매업신고번호 : 제2006-경기성남-0692호\n*   대표이사 : 최수연\n*   [사업자정보확인](https://www.ftc.go.kr/bizCommPop.do?wrkr_no=2208162517 \"새창\")\n*   주소 : 경기도 성남시 분당구 정자일로 95, NAVER 1784 (13561)\n*   전화 : 1588-3819\n*   이메일 : [helpcustomer@naver.com](mailto:helpcustomer@naver.com)\n*   [1:1문의](https://help.sell.smartstore.naver.com/mail/form.help)\n\n[NAVER](http://www.navercorp.com/ko/index.nhn \"새창\")\n\nCopyright © [**NAVER Corp.**](http://www.navercorp.com/ko/index.nhn \"새창\") All rights reserved."
      },
      {
        "platform": "naver",
        "title": "반품안심케어 - 스마트스토어 고객센터",
        "url": "https://help.sell.smartstore.naver.com/faq/content.help?faqId=12787",
        "snippet": "네이버㈜는 결제정보의 중개서비스 또는 통신판매중개시스템의 제공자로서, 통신판매의 당사자가 아니며, 상품의 주문, 배송 및 환불 등과 관련한 의무와 책임은 각 판매자에게 있습니다.  \n또한 판매자와 구매자간의 직거래에 대하여 당사는 관여하지 않기 때문에 거래에 대해서는 책임을 지지 않습니다.\n\nNAVER [...] # NAVER 스마트스토어센터\n\n궁금할 땐 톡톡상담하세요!\n\n스마트스토어센터 사용자 매뉴얼\n\n## 고객센터\n\n### 반품안심케어\n\n당월 교환완료/반품완료 된 건에 한해 익월 15일 판매자님의 스토어 정산계좌로 입금되며 보상금 지급 완료된 주문건 관련해서는 판매자님이 직접 확인이 가능합니다. \n\n보상금 지급완료 여부 확인 방법\n\n1. 판매관리 > [반품안심케어] 메뉴 내 '반품안심케어 내역' 으로 접속해주세요.\n\n2. 서비스 보상금 이전 지급 내역에서 '반품 건수 또는 교환 건수'를 클릭해주세요.\n\n3. 목록에서 보상금 지급여부 'true', 지급보상금, 보상금 지급일을 확인해주세요.\n\n※ 참고.\n\n· 보상금 지급여부가 'false' 확인 될 경우 보상금미지급사유를 확인해주세요.\n\n위 도움말이 도움이 되었나요?",
        "score": 0.049409937,
        "timestamp": "2025-11-29T05:40:52.852531",
        "raw_content": "# [NAVER](http://www.naver.com \"NAVER\") [스마트스토어센터](https://sell.smartstore.naver.com \"스마트스토어센터\")\n\n궁금할 땐 톡톡상담하세요!\n\n[스마트스토어센터 *사용자 매뉴얼*](https://sell.smartstore.naver.com/#/center-notice/list/MANUAL)\n\n## 고객센터\n\n### 반품안심케어\n\n당월 교환완료/반품완료 된 건에 한해 익월 15일 판매자님의 스토어 정산계좌로 입금되며 보상금 지급 완료된 주문건 관련해서는 판매자님이 직접 확인이 가능합니다. \n\n**보상금 지급완료 여부 확인 방법**\n\n1. [판매관리 > [**반품안심케어**](https://sell.smartstore.naver.com/#/naverpay/return-care/management)] 메뉴 내 '반품안심케어 내역' 으로 접속해주세요.\n\n2. 서비스 보상금 이전 지급 내역에서 '반품 건수 또는 교환 건수'를 클릭해주세요.\n\n3. 목록에서 **보상금 지급여부 'true', 지급보상금, 보상금 지급일**을 확인해주세요.\n\n**※ 참고.**\n\n· 보상금 지급여부가 'false' 확인 될 경우 보상금미지급사유를 확인해주세요.\n\n위 도움말이 도움이 되었나요?\n\n네이버㈜는 결제정보의 중개서비스 또는 통신판매중개시스템의 제공자로서, 통신판매의 당사자가 아니며, 상품의 주문, 배송 및 환불 등과 관련한 의무와 책임은 각 판매자에게 있습니다.  \n또한 판매자와 구매자간의 직거래에 대하여 당사는 관여하지 않기 때문에 거래에 대해서는 책임을 지지 않습니다.\n\n[NAVER](http://www.navercorp.com/ko/index.nhn \"새창\")"
      },
      {
        "platform": "naver",
        "title": "고객센터 - 스마트스토어",
        "url": "https://help.sell.smartstore.naver.com/faq/content.help?faqId=4153",
        "snippet": "스마트스토어 고객센터\n\nNAVER스마트스토어센터\n\n로그인\n\n궁금할 땐 톡톡상담하세요!\n\n톡톡상담\n\n   홈\n       홈\n\n   회원가입\n       신규 회원가입\n       초대로 회원가입\n       아이디/비밀번호 찾기\n       탈퇴/재가입\n       네이버 쇼핑 입점\n       2단계 인증\n\n   상품관리\n       그룹상품 리뷰이동\n       그룹상품 노출 관리\n       상품 조회/수정\n       상품 등록\n       상품 일괄등록\n       카탈로그 가격관리\n       연관상품 관리\n       사진 보관함\n       배송정보 관리\n       템플릿 관리\n       공지사항 관리\n       상품정보 검색품질(SEO)\n       구독 관리\n       상품명 마스터\n       등록 정보 검토\n       검색 순위 진단 [...] 4) 원하는 상품 정보를 수정하신 이후에 상단의 '저장하기' 버튼을 꼭 선택해 주세요.\n\nImage 2: 1\n\n※ 참고. 상품 등록 후 수정 불가능 항목\n\n· 카탈로그가 매칭완료된 경우 수정 불가\n\n· 판매가가 10원 미만으로 등록된 경우 이후 수정 불가 (현재 최소 10원 이상 등록가능)\n\n· 카테고리(카탈로그를 검색하여 설정한 경우)\n\n· 네이버 쇼핑 가격비교 상품에 등록된 경우\n\n· 등록한 대카테고리가 아닌 다른 대카테고리로 변경하고자 하는 경우\n\n· 결제수단이 제한되는 카테고리에서 일반카테고리로 변경하고자 하는 경우\n\n· 변경하려는 카테고리가 등록권한이 필요한 경우\n\n3. 상품 복사하기\n\n상품 등록 후 수정 불가능한 항목에 대한 수정 등 필요할 경우 상품 복사하기 기능을 통해 신규로 등록하실 수 있습니다. [...] 네이버쇼핑에 노출되는 제조사/브랜드명이 입력한 정보와 상이하게 노출돼요.\n   상품 상세페이지의 배송기간(리드타임) 노출 기준이 어떻게 되나요?\n   상품명을 바꿔도 수정되지 않아요.\n   판매 진행 중인 전체 상품을 오늘출발 가능한 상품으로 일괄 변경하고 싶어요.\n   오늘출발로 설정한 상품을 일괄 조회하고 싶어요.\n   이미 등록된 상품을 맞춤제작 상품으로 일괄 변경하고 싶어요.\n   맞춤제작 상품은 어떻게 구분할 수 있나요?\n   모바일 상세페이지 확인 시 빠른 이미지 노출을 위한 권장사항이 있을까요?\n   상품 상세페이지의 배송 시뮬레이터는 어떻게 노출하나요?\n   판매중인 상품의 배송정보를 일괄로 수정 하고 싶어요.\n   예약구매 상품을 일괄 변경하고 싶어요.\n   예약구매 상품만 조회할 수 있나요?\n   상품 일괄수정(변경)은 어떻게 하나요?\n   라이브 특가 적용 중인 상품의 할인을 수정하면 어떻게 되나요?",
        "score": 0.048212994,
        "timestamp": "2025-11-29T05:40:52.852534",
        "raw_content": "스마트스토어 고객센터\n\n===============\n\n[NAVER](http://www.naver.com/ \"NAVER\")[스마트스토어센터](https://sell.smartstore.naver.com/ \"스마트스토어센터\")\n===============================================================================================\n\n[로그인](https://help.sell.smartstore.naver.com/faq/content.help?faqId=4153#)\n\n궁금할 땐 톡톡상담하세요!\n\n[톡톡상담](https://help.sell.smartstore.naver.com/faq/content.help?faqId=4153#)\n\n*   [홈](https://help.sell.smartstore.naver.com/faq/content.help?faqId=4153)\n    *   [홈](https://help.sell.smartstore.naver.com/faq/list.help?categoryId=11082)\n\n*   [회원가입](https://help.sell.smartstore.naver.com/faq/content.help?faqId=4153)\n    *   [신규 회원가입](https://help.sell.smartstore.naver.com/faq/list.help?categoryId=535)\n    *   [초대로 회원가입](https://help.sell.smartstore.naver.com/faq/list.help?categoryId=536)\n    *   [아이디/비밀번호 찾기](https://help.sell.smartstore.naver.com/faq/list.help?categoryId=537)\n    *   [탈퇴/재가입](https://help.sell.smartstore.naver.com/faq/list.help?categoryId=538)\n    *   [네이버 쇼핑 입점](https://help.sell.smartstore.naver.com/faq/list.help?categoryId=539)\n    *   [2단계 인증](https://help.sell.smartstore.naver.com/faq/list.help?categoryId=924)\n\n*   [상품관리](https://help.sell.smartstore.naver.com/faq/content.help?faqId=4153)\n    *   [그룹상품 리뷰이동](https://help.sell.smartstore.naver.com/faq/list.help?categoryId=11086)\n    *   [그룹상품 노출 관리](https://help.sell.smartstore.naver.com/faq/list.help?categoryId=11126)\n    *   [상품 조회/수정](https://help.sell.smartstore.naver.com/faq/list.help?categoryId=540)\n    *   [상품 등록](https://help.sell.smartstore.naver.com/faq/list.help?categoryId=541)\n    *   [상품 일괄등록](https://help.sell.smartstore.naver.com/faq/list.help?categoryId=542)\n    *   [카탈로그 가격관리](https://help.sell.smartstore.naver.com/faq/list.help?categoryId=848)\n    *   [연관상품 관리](https://help.sell.smartstore.naver.com/faq/list.help?categoryId=649)\n    *   [사진 보관함](https://help.sell.smartstore.naver.com/faq/list.help?categoryId=543)\n    *   [배송정보 관리](https://help.sell.smartstore.naver.com/faq/list.help?categoryId=544)\n    *   [템플릿 관리](https://help.sell.smartstore.naver.com/faq/list.help?categoryId=545)\n    *   [공지사항 관리](https://help.sell.smartstore.naver.com/faq/list.help?categoryId=546)\n    *   [상품정보 검색품질(SEO)](https://help.sell.smartstore.naver.com/faq/list.help?categoryId=811)\n    *   [구독 관리](https://help.sell.smartstore.naver.com/faq/list.help?categoryId=1006)\n    *   [상품명 마스터](https://help.sell.smartstore.naver.com/faq/list.help?categoryId=10931)\n    *   [등록 정보 검토](https://help.sell.smartstore.naver.com/faq/list.help?categoryId=11139)\n    *   [검색 순위 진단](https://help.sell.smartstore.naver.com/faq/list.help?categoryId=11140)\n\n*   [쇼핑윈도관리](https://help.sell.smartstore.naver.com/faq/content.help?faqId=4153)\n    *   [쇼핑윈도 상품 조회/수정](https://help.sell.smartstore.naver.com/faq/list.help?categoryId=547)\n    *   [쇼핑윈도 상품 불러오기](https://help.sell.smartstore.naver.com/faq/list.help?categoryId=548)\n    *   [쇼핑윈도 소식 관리](https://help.sell.smartstore.naver.com/faq/list.help?categoryId=549)\n    *   [쇼핑윈도 스토어 관리](https://help.sell.smartstore.naver.com/faq/list.help?categoryId=551)\n\n*   [판매관리](https://help.sell.smartstore.naver.com/faq/content.help?faqId=4153)\n    *   [주문통합검색](https://help.sell.smartstore.naver.com/faq/list.help?categoryId=791)\n    *   [선물 수락대기](https://help.sell.smartstore.naver.com/faq/list.help?categoryId=558)\n    *   [미결제확인](https://help.sell.smartstore.naver.com/faq/list.help?categoryId=559)\n    *   [발주(주문)확인/발송관리](https://help.sell.smartstore.naver.com/faq/list.help?categoryId=560)\n    *   [배송현황 관리](https://help.sell.smartstore.naver.com/faq/list.help?categoryId=561)\n    *   [구매확정 내역](https://help.sell.smartstore.naver.com/faq/list.help?categoryId=562)\n    *   [취소 관리](https://help.sell.smartstore.naver.com/faq/list.help?categoryId=563)\n    *   [반품 관리](https://help.sell.smartstore.naver.com/faq/list.help?categoryId=564)\n    *   [교환 관리](https://help.sell.smartstore.naver.com/faq/list.help?categoryId=565)\n    *   [판매방해 고객관리](https://help.sell.smartstore.naver.com/faq/list.help?categoryId=837)\n    *   [반품안심케어](https://help.sell.smartstore.naver.com/faq/list.help?categoryId=10776)\n\n*   [정산관리](https://help.sell.smartstore.naver.com/faq/content.help?faqId=4153)\n    *   [정산 내역 (일별/건별)](https://help.sell.smartstore.naver.com/faq/list.help?categoryId=566)\n    *   [항목별 정산 내역](https://help.sell.smartstore.naver.com/faq/list.help?categoryId=567)\n    *   [빠른정산](https://help.sell.smartstore.naver.com/faq/list.help?categoryId=932)\n    *   [부가세신고 내역](https://help.sell.smartstore.naver.com/faq/list.help?categoryId=568)\n    *   [세금계산서 조회](https://help.sell.smartstore.naver.com/faq/list.help?categoryId=569)\n    *   [비즈월렛 관리](https://help.sell.smartstore.naver.com/faq/list.help?categoryId=570)\n    *   [통합 정산내역](https://help.sell.smartstore.naver.com/faq/list.help?categoryId=571)\n    *   [중소상공인수수료전반](https://help.sell.smartstore.naver.com/faq/list.help?categoryId=840)\n    *   [초보판매자 정산가이드](https://help.sell.smartstore.naver.com/faq/list.help?categoryId=10809)\n    *   [우대수수료 환급내역](https://help.sell.smartstore.naver.com/faq/list.help?categoryId=10867)\n    *   [매출연동수수료](https://help.sell.smartstore.naver.com/faq/list.help?categoryId=11033)\n\n*   [문의/리뷰관리](https://help.sell.smartstore.naver.com/faq/content.help?faqId=4153)\n    *   [문의 관리](https://help.sell.smartstore.naver.com/faq/list.help?categoryId=574)\n    *   [고객문의 관리](https://help.sell.smartstore.naver.com/faq/list.help?categoryId=575)\n    *   [리뷰 관리](https://help.sell.smartstore.naver.com/faq/list.help?categoryId=576)\n    *   [리뷰이벤트 관리](https://help.sell.smartstore.naver.com/faq/list.help?categoryId=857)\n    *   [상품상세 블로그글 노출](https://help.sell.smartstore.naver.com/faq/list.help?categoryId=10953)\n    *   [톡톡 상담하기](https://help.sell.smartstore.naver.com/faq/list.help?categoryId=10763)\n    *   [톡톡 쇼핑챗봇/AI FAQ 설정](https://help.sell.smartstore.naver.com/faq/list.help?categoryId=10764)\n\n*   [스토어관리](https://help.sell.smartstore.naver.com/faq/content.help?faqId=4153)\n    *   [스마트스토어](https://help.sell.smartstore.naver.com/faq/list.help?categoryId=577)\n    *   [카테고리 관리](https://help.sell.smartstore.naver.com/faq/list.help?categoryId=579)\n    *   [쇼핑스토리 관리](https://help.sell.smartstore.naver.com/faq/list.help?categoryId=652)\n    *   [쇼핑라이브 숏클립 등록](https://help.sell.smartstore.naver.com/faq/list.help?categoryId=10731)\n    *   [기본정보 관리](https://help.sell.smartstore.naver.com/faq/list.help?categoryId=580)\n    *   [API 관리](https://help.sell.smartstore.naver.com/faq/list.help?categoryId=10954)\n    *   [SNS 설정](https://help.sell.smartstore.naver.com/faq/list.help?categoryId=10965)\n    *   [쇼핑윈도 노출 신청](https://help.sell.smartstore.naver.com/faq/list.help?categoryId=844)\n    *   [네이버 서비스 연결](https://help.sell.smartstore.naver.com/faq/list.help?categoryId=847)\n    *   [가격비교 서비스 연결](https://help.sell.smartstore.naver.com/faq/list.help?categoryId=10967)\n\n*   [혜택/마케팅](https://help.sell.smartstore.naver.com/faq/content.help?faqId=4153)\n    *   [혜택 등록](https://help.sell.smartstore.naver.com/faq/list.help?categoryId=608)\n    *   [혜택 조회/수정](https://help.sell.smartstore.naver.com/faq/list.help?categoryId=663)\n    *   [혜택 리포트](https://help.sell.smartstore.naver.com/faq/list.help?categoryId=609)\n    *   [포인트 지급관리](https://help.sell.smartstore.naver.com/faq/list.help?categoryId=10864)\n    *   [포인트 지급내역 조회](https://help.sell.smartstore.naver.com/faq/list.help?categoryId=799)\n    *   [고객등급 관리](https://help.sell.smartstore.naver.com/faq/list.help?categoryId=819)\n    *   [마케팅 보내기](https://help.sell.smartstore.naver.com/faq/list.help?categoryId=918)\n    *   [마케팅 이력](https://help.sell.smartstore.naver.com/faq/list.help?categoryId=919)\n    *   [마케팅 통계](https://help.sell.smartstore.naver.com/faq/list.help?categoryId=10728)\n    *   [AI 마케팅 효과분석](https://help.sell.smartstore.naver.com/faq/list.help?categoryId=10907)\n    *   [마케팅 링크 관리](https://help.sell.smartstore.naver.com/faq/list.help?categoryId=11058)\n\n*   [브랜드 혜택/마케팅](https://help.sell.smartstore.naver.com/faq/content.help?faqId=4153)\n    *   [고객군 마케팅](https://help.sell.smartstore.naver.com/faq/list.help?categoryId=10928)\n    *   [타겟팅 성과분석](https://help.sell.smartstore.naver.com/faq/list.help?categoryId=10929)\n    *   [라운지 노출 관리](https://help.sell.smartstore.naver.com/faq/list.help?categoryId=10877)\n    *   [라운지 가입 관리](https://help.sell.smartstore.naver.com/faq/list.help?categoryId=10878)\n    *   [추가 수집 항목 관리](https://help.sell.smartstore.naver.com/faq/list.help?categoryId=10879)\n    *   [라운지 멤버 관리](https://help.sell.smartstore.naver.com/faq/list.help?categoryId=10880)\n    *   [라운지 스토리 관리](https://help.sell.smartstore.naver.com/faq/list.help?categoryId=10881)\n    *   [라운지 통계](https://help.sell.smartstore.naver.com/faq/list.help?categoryId=10993)\n\n*   [커머스솔루션](https://help.sell.smartstore.naver.com/faq/content.help?faqId=4153)\n    *   [솔루션 목록](https://help.sell.smartstore.naver.com/faq/list.help?categoryId=10768)\n    *   [소비자조사](https://help.sell.smartstore.naver.com/faq/list.help?categoryId=10900)\n    *   [Quick 모니터링 관리](https://help.sell.smartstore.naver.com/faq/list.help?categoryId=10902)\n    *   [쇼핑 커넥트](https://help.sell.smartstore.naver.com/faq/list.help?categoryId=11057)\n\n*   [데이터 분석](https://help.sell.smartstore.naver.com/faq/content.help?faqId=4153)\n    *   [프로모션 진단](https://help.sell.smartstore.naver.com/faq/list.help?categoryId=11127)\n    *   [스토어분석](https://help.sell.smartstore.naver.com/faq/list.help?categoryId=11083)\n    *   [요약](https://help.sell.smartstore.naver.com/faq/list.help?categoryId=806)\n    *   [판매분석](https://help.sell.smartstore.naver.com/faq/list.help?categoryId=807)\n    *   [마케팅분석](https://help.sell.smartstore.naver.com/faq/list.help?categoryId=808)\n    *   [쇼핑행동분석](https://help.sell.smartstore.naver.com/faq/list.help?categoryId=809)\n    *   [시장벤치마크](https://help.sell.smartstore.naver.com/faq/list.help?categoryId=810)\n    *   [판매성과예측](https://help.sell.smartstore.naver.com/faq/list.help?categoryId=871)\n    *   [고객현황](https://help.sell.smartstore.naver.com/faq/list.help?categoryId=627)\n    *   [재구매 통계](https://help.sell.smartstore.naver.com/faq/list.help?categoryId=800)\n\n*   [광고관리](https://help.sell.smartstore.naver.com/faq/content.help?faqId=4153)\n    *   [쇼핑버티컬광고](https://help.sell.smartstore.naver.com/faq/list.help?categoryId=10946)\n    *   [CRM 마케팅 타겟 광고](https://help.sell.smartstore.naver.com/faq/list.help?categoryId=11024)\n\n*   [프로모션 관리](https://help.sell.smartstore.naver.com/faq/content.help?faqId=4153)\n    *   [기획전 관리](https://help.sell.smartstore.naver.com/faq/list.help?categoryId=845)\n    *   [참여형 프로모션 관리](https://help.sell.smartstore.naver.com/faq/list.help?categoryId=11061)\n    *   [미스터](https://help.sell.smartstore.naver.com/faq/list.help?categoryId=927)\n\n*   [N배송 관리](https://help.sell.smartstore.naver.com/faq/content.help?faqId=4153)\n    *   [N배송 프로그램](https://help.sell.smartstore.naver.com/faq/list.help?categoryId=10834)\n    *   [N배송 신청하기](https://help.sell.smartstore.naver.com/faq/list.help?categoryId=1005)\n    *   [N배송 재고관리](https://help.sell.smartstore.naver.com/faq/list.help?categoryId=11054)\n    *   [N배송 입고관리](https://help.sell.smartstore.naver.com/faq/list.help?categoryId=11116)\n    *   [N배송 리포트관리](https://help.sell.smartstore.naver.com/faq/list.help?categoryId=11102)\n    *   [물류비 청구내역](https://help.sell.smartstore.naver.com/faq/list.help?categoryId=11103)\n    *   [풀필먼트 주문 조회](https://help.sell.smartstore.naver.com/faq/list.help?categoryId=10942)\n    *   [N판매자배송 신청](https://help.sell.smartstore.naver.com/faq/list.help?categoryId=10986)\n    *   [N판매자배송 운영](https://help.sell.smartstore.naver.com/faq/list.help?categoryId=10985)\n    *   [판매자 창고 운영](https://help.sell.smartstore.naver.com/faq/list.help?categoryId=10944)\n\n*   [판매자 정보](https://help.sell.smartstore.naver.com/faq/content.help?faqId=4153)\n    *   [내정보](https://help.sell.smartstore.naver.com/faq/list.help?categoryId=581)\n    *   [판매자 정보](https://help.sell.smartstore.naver.com/faq/list.help?categoryId=582)\n    *   [매니저 관리](https://help.sell.smartstore.naver.com/faq/list.help?categoryId=10727)\n    *   [판매자 등급](https://help.sell.smartstore.naver.com/faq/list.help?categoryId=611)\n    *   [정보 변경 신청](https://help.sell.smartstore.naver.com/faq/list.help?categoryId=583)\n    *   [양도양수](https://help.sell.smartstore.naver.com/faq/list.help?categoryId=922)\n    *   [사업자 전환](https://help.sell.smartstore.naver.com/faq/list.help?categoryId=584)\n    *   [상품판매권한 신청](https://help.sell.smartstore.naver.com/faq/list.help?categoryId=855)\n    *   [고객확인제도](https://help.sell.smartstore.naver.com/faq/list.help?categoryId=923)\n    *   [심사내역 조회](https://help.sell.smartstore.naver.com/faq/list.help?categoryId=10726)\n    *   [판매자 지원 프로그램](https://help.sell.smartstore.naver.com/faq/list.help?categoryId=10711)\n    *   [성장 마일리지](https://help.sell.smartstore.naver.com/faq/list.help?categoryId=11091)\n    *   [굿서비스 점수](https://help.sell.smartstore.naver.com/faq/list.help?categoryId=11125)\n\n*   [공지사항](https://help.sell.smartstore.naver.com/faq/content.help?faqId=4153)\n    *   [공지사항](https://help.sell.smartstore.naver.com/faq/list.help?categoryId=10730)\n\n*   [공통/기타](https://help.sell.smartstore.naver.com/faq/content.help?faqId=4153)\n    *   [판매자센터 기본 이용방법](https://help.sell.smartstore.naver.com/faq/list.help?categoryId=586)\n    *   [스마트스토어센터 알림](https://help.sell.smartstore.naver.com/faq/list.help?categoryId=868)\n    *   [쇼핑라이브](https://help.sell.smartstore.naver.com/faq/list.help?categoryId=883)\n    *   [사장님 보험](https://help.sell.smartstore.naver.com/faq/list.help?categoryId=933)\n    *   [스마트스토어 사업자 대출](https://help.sell.smartstore.naver.com/faq/list.help?categoryId=934)\n    *   [사업자대출 대출안심케어](https://help.sell.smartstore.naver.com/faq/list.help?categoryId=989)\n    *   [정책지원금](https://help.sell.smartstore.naver.com/faq/list.help?categoryId=10769)\n    *   [스마트플레이스 사업자 대출](https://help.sell.smartstore.naver.com/faq/list.help?categoryId=10782)\n    *   [커머스API센터](https://help.sell.smartstore.naver.com/faq/list.help?categoryId=10783)\n    *   [네이버페이 마이비즈](https://help.sell.smartstore.naver.com/faq/list.help?categoryId=10787)\n    *   [스마트스토어 보증서 대출](https://help.sell.smartstore.naver.com/faq/list.help?categoryId=10909)\n    *   [API데이터솔루션(통계)](https://help.sell.smartstore.naver.com/faq/list.help?categoryId=10943)\n    *   [안전거래 정책](https://help.sell.smartstore.naver.com/faq/list.help?categoryId=10979)\n\n*   [1:1 문의하기](https://help.sell.smartstore.naver.com/mail/form.help)\n*   [1:1 문의내역](https://help.sell.smartstore.naver.com/mail/history.help)\n*   [신고하기](https://help.sell.smartstore.naver.com/mail/form.help?alias=shopn_accuse)\n*   [원격지원서비스](http://61.247.209.91/users/main/join.html)\n\n[스마트스토어센터 _사용자 매뉴얼_](https://sell.smartstore.naver.com/#/center-notice/list/MANUAL)\n\n[좌측 내비게이션 숨기기](https://help.sell.smartstore.naver.com/faq/content.help?faqId=4153#)\n\n고객센터\n----\n\n**FAQ**\n\n[전체](https://help.sell.smartstore.naver.com/faq/content.help?faqId=4153)\n*   [전체](https://help.sell.smartstore.naver.com/faq/content.help?faqId=4153)\n*   [홈](https://help.sell.smartstore.naver.com/faq/content.help?faqId=4153)\n*   [회원가입](https://help.sell.smartstore.naver.com/faq/content.help?faqId=4153)\n*   [상품관리](https://help.sell.smartstore.naver.com/faq/content.help?faqId=4153)\n*   [쇼핑윈도관리](https://help.sell.smartstore.naver.com/faq/content.help?faqId=4153)\n*   [판매관리](https://help.sell.smartstore.naver.com/faq/content.help?faqId=4153)\n*   [정산관리](https://help.sell.smartstore.naver.com/faq/content.help?faqId=4153)\n*   [문의/리뷰관리](https://help.sell.smartstore.naver.com/faq/content.help?faqId=4153)\n*   [스토어관리](https://help.sell.smartstore.naver.com/faq/content.help?faqId=4153)\n*   [혜택/마케팅](https://help.sell.smartstore.naver.com/faq/content.help?faqId=4153)\n*   [브랜드 혜택/마케팅](https://help.sell.smartstore.naver.com/faq/content.help?faqId=4153)\n*   [커머스솔루션](https://help.sell.smartstore.naver.com/faq/content.help?faqId=4153)\n*   [데이터 분석](https://help.sell.smartstore.naver.com/faq/content.help?faqId=4153)\n*   [광고관리](https://help.sell.smartstore.naver.com/faq/content.help?faqId=4153)\n*   [프로모션 관리](https://help.sell.smartstore.naver.com/faq/content.help?faqId=4153)\n*   [N배송 관리](https://help.sell.smartstore.naver.com/faq/content.help?faqId=4153)\n*   [판매자 정보](https://help.sell.smartstore.naver.com/faq/content.help?faqId=4153)\n*   [공지사항](https://help.sell.smartstore.naver.com/faq/content.help?faqId=4153)\n*   [공통/기타](https://help.sell.smartstore.naver.com/faq/content.help?faqId=4153)\n\n검색어 입력 0/100\n\n[검색](https://help.sell.smartstore.naver.com/faq/content.help?faqId=4153#)\n\n자동완성 켜기 자동완성 끄기 닫기\n\n*   [자주 묻는 질문](https://help.sell.smartstore.naver.com/faq/content.help?faqId=4153#)\n*   [★ 메뉴 활용 방법](https://help.sell.smartstore.naver.com/faq/content.help?faqId=4153#)\n*   [2단계 인증](https://help.sell.smartstore.naver.com/faq/content.help?faqId=4153#)\n*   [가입 절차](https://help.sell.smartstore.naver.com/faq/content.help?faqId=4153#)\n*   [고객확인제도](https://help.sell.smartstore.naver.com/faq/content.help?faqId=4153#)\n*   [수수료의 종류](https://help.sell.smartstore.naver.com/faq/content.help?faqId=4153#)\n*   [상품등록](https://help.sell.smartstore.naver.com/faq/content.help?faqId=4153#)\n*   [발송처리](https://help.sell.smartstore.naver.com/faq/content.help?faqId=4153#)\n*   [자동 구매확정](https://help.sell.smartstore.naver.com/faq/content.help?faqId=4153#)\n*   [부가세신고](https://help.sell.smartstore.naver.com/faq/content.help?faqId=4153#)\n\n### 상품 조회/수정\n\n*   [★ 상품 조회/수정 메뉴 활용방법](https://help.sell.smartstore.naver.com/faq/content.help?faqId=4153) ​**등록한 상품을 조회/수정할 수 있는 메뉴입니다.**\n**1. 상품조회하기**\n\n****\n\n1)[상품관리 >[**상품조회/수정**](https://sell.storefarm.naver.com/#/products/origin-list)] 메뉴를 접속합니다.\n\n2) 조건을 설정하여 검색해 주세요.\n\n - 기본적으로 \"최근 1년 이내 신규등록\",\"판매중\"의 상품을 우선 노출 해 주고 있으며 판매대기/품절 등 모든 상품을 조회하시려면 \"판매상태\"를 전체로 체크하여 조회하시면 됩니다.\n\n - 상단에 판매상태별 상품 건수 확인이 가능하며, 건수를 클릭 시 상품목록에 등록한 상품이 조회됩니다. \n\n - 특정 상품의 조회를 원하신다면, \"검색어\" 기능을 사용해서 상품번호/상품명/제조사명 등 원하시는 유형으로 조회하실 수 있습니다. (상품번호/판매자 상품번호로 검색 시 다른 조건은 포함되지 않으며, 해당 키워드로만 조회됩니다.)\n\n3) 상품번호 클릭 시 상품의 상세페이지로 이동합니다.\n\n**2. 상품 수정하기**\n\n1)[상품관리 >[**상품조회/수정**](https://sell.storefarm.naver.com/#/products/origin-list)] 메뉴를 접속합니다.\n\n2) 조건을 설정하여 검색해 주세요.\n\n3)상품목록의 '수정' 버튼을 클릭하시면 최초 상품을 등록했던 페이지로 이동합니다.\n\n![Image 1: 1](https://help.sell.smartstore.naver.com/fpsfiles//201708/1502159969971059.png)\n\n4) 원하는 상품 정보를 수정하신 이후에 상단의 '저장하기' 버튼을 꼭 선택해 주세요.\n\n![Image 2: 1](https://help.sell.smartstore.naver.com/fpsfiles//201708/1502159981430017.png)\n\n****\n\n**※ 참고. 상품 등록 후 수정 불가능 항목******\n\n· 카탈로그가 매칭완료된 경우 수정 불가\n\n· 판매가가 10원 미만으로 등록된 경우 이후 수정 불가 (현재 최소 10원 이상 등록가능)\n\n· 카테고리(카탈로그를 검색하여 설정한 경우)\n\n· 네이버 쇼핑 가격비교 상품에 등록된 경우\n\n· 등록한 대카테고리가 아닌 다른 대카테고리로 변경하고자 하는 경우\n\n· 결제수단이 제한되는 카테고리에서 일반카테고리로 변경하고자 하는 경우\n\n· 변경하려는 카테고리가 등록권한이 필요한 경우\n\n**3. 상품 복사하기**\n\n상품 등록 후 수정 불가능한 항목에 대한 수정 등 필요할 경우 상품 복사하기 기능을 통해 신규로 등록하실 수 있습니다.\n\n**! 주의.**'단일 몰' 내에서 또는 '복수 몰' 전체에서 동일한 상품을 하나만 등록해야 합니다. 상품이 동일할 경우 중복기준에 따라 제재가 이루어지므로 반드시 삭제해 주셔야 합니다.\n\n1)[상품관리 >[**상품조회/수정**](https://sell.storefarm.naver.com/#/products/origin-list)] 메뉴를 접속합니다.\n\n2) 조건을 설정하여 검색해 주세요.\n\n3)상품목록의 '복사' 버튼을 클릭하시면 최초 상품을 등록했던 페이지로 이동합니다.\n\n![Image 3: %EB%B3%B5%EC%82%AC%20%EA%B8%B0%EB%8A%A5%20](https://help.sell.smartstore.naver.com/fpsfiles/ko/202111/1697bd69-95c2-49a0-b9bb-18e6a6e13f8e.png)\n\n4) 원하는 상품 정보를 수정하신 이후에 상단의 '저장하기' 버튼을 클릭하시면 상품이 신규로 등록됩니다.\n\n**4. 상품 일괄 수정(변경)하기**\n\n****\n\n**상품 일괄 수정(변경) 방법**\n\n1. [상품관리 >[**상품 조회/수정**](https://sell.smartstore.naver.com/#/products/origin-list)] 메뉴에서 변경할 상품을 검색해 주세요.\n\n2. 상품목록에서 변경할 상품을 선택해 주세요.\n\n3. 상품목록 상단의 노출되는 일부 항목에 대해서만 상품 일괄 변경(수정)이 가능합니다.\n\n![Image 4: %EC%9D%BC%EA%B4%84%EB%B3%80%EA%B2%BD](https://help.sell.smartstore.naver.com/fpsfiles/ko/202112/c513f887-4c64-4fe9-b836-f30c47654861.png)\n\n상품 일괄 수정(변경)은 [상품관리 >[**상품 조회/수정**](https://sell.smartstore.naver.com/#/products/origin-list)] 메뉴에서\n\n③ '일괄변경' 항목 또는 ④ '엑셀 일괄 수정'을 통해 진행 가능합니다.영역별 수정가능 항목은 아래 이미지를 확인해 주세요.\n\n![Image 5: %EC%83%81%ED%92%88%EC%A1%B0%ED%9A%8C%EC%88%98%EC%A0%95](https://help.sell.smartstore.naver.com/fpsfiles/ko/202501/7c7b6d2a-1130-41d5-b3ca-a265ada4b2c5.png)\n\n**! 주의.**간편 옵션이 등록된 상품은 일괄 수정 불가합니다.\n\n**※참고.**\n\n· 예약구매 상품으로 설정한 경우 주문시작(시작일) 이전에는 '판매대기' 상태로 설정되며, 주문기간(시작일)에 '판매중' 상태로 변경됩니다.\n\n· 엑셀일괄 수정은 한번에 최대 500개까지 업로드할 수 있습니다.\n\n· 엑셀 일괄 수정 시 브랜드명을 변경하지 않았어도, 기설정된 브랜드 ID가 삭제되어 반영됩니다.(카탈로그 ID는 삭제되지 않음)\n\n만약 브랜드 ID를 추가 등록 해야한다면 [상품관리 >[**상품 조회/수정**](https://sell.smartstore.naver.com/#/products/origin-list)] 메뉴에서 상품마다 개별 등록이 필요합니다.\n\n(브랜드ID가 삭제되어도 쇼핑검색에 영향을 주지는 않습니다.)\n\n· 스마트스토어센터에서 상품 정보를 변경한 후 변경된 사항이 네이버쇼핑에 적용되어 노출되기까지는 만 1일이 소요되고 있습니다.\n\n위 도움말이 도움이 되었나요?\n\n- [x] 별점1점 - [x] 별점2점 - [x] 별점3점 - [x] 별점4점 - [x] 별점5점   도움말에 대한 소중한 의견은 서비스 개선에 큰 도움이 됩니다. 만약, 궁금하신 내용이 있다면 고객센터로 문의주시면 친절히 안내해 드리겠습니다.보내기  [도움말 닫기](https://help.sell.smartstore.naver.com/faq/content.help?faqId=4153)  \n*   [★ 그룹상품 조회/수정 메뉴 활용방법](https://help.sell.smartstore.naver.com/faq/content.help?faqId=4153)\n*   [★ '상품 조회/수정' 관련 자주 묻는 질문](https://help.sell.smartstore.naver.com/faq/content.help?faqId=4153)\n*   [상품조회/수정 메뉴에서 내가 등록한 상품이 조회되지 않아요.](https://help.sell.smartstore.naver.com/faq/content.help?faqId=4153)\n*   [내가 등록한 상품을 어떻게 확인할 수 있나요?](https://help.sell.smartstore.naver.com/faq/content.help?faqId=4153)\n*   [이미 등록한 상품을 수정하고 싶어요.](https://help.sell.smartstore.naver.com/faq/content.help?faqId=4153)\n*   [[쇼핑윈도 전용] 쇼핑윈도에 노출되는 상품만 조회하고 싶어요.](https://help.sell.smartstore.naver.com/faq/content.help?faqId=4153)\n*   [등록된 상품의 정보를 엑셀로 다운로드 받고 싶어요.](https://help.sell.smartstore.naver.com/faq/content.help?faqId=4153)\n*   [[쇼핑윈도 전용] \"쇼핑윈도의 경우에는 전시상태를 직접 변경하실 수 없습니다\"는 무슨 의미인가요?](https://help.sell.smartstore.naver.com/faq/content.help?faqId=4153)\n*   [[쇼핑윈도 전용] 윈도서비스 페이지에 상품이 노출되지 않아요. 왜 그런가요?](https://help.sell.smartstore.naver.com/faq/content.help?faqId=4153)\n*   [모바일 환경에서 추가구성 상품을 등록/수정 가능한가요?](https://help.sell.smartstore.naver.com/faq/content.help?faqId=4153)\n*   [상품의 옵션은 몇 개까지 등록 가능한가요?](https://help.sell.smartstore.naver.com/faq/content.help?faqId=4153)\n*   [[쇼핑윈도 전용] 쇼핑윈도 상품 불러오기로 등록 후 상품 수정은 어떻게 하나요?](https://help.sell.smartstore.naver.com/faq/content.help?faqId=4153)\n*   [[쇼핑윈도 전용] 쇼핑윈도 상품들이 많은데 상품정보/조회 수정 메뉴에서 확인되지 않아요.](https://help.sell.smartstore.naver.com/faq/content.help?faqId=4153)\n*   [즉시할인 일괄설정/해제는 어떻게 하나요?](https://help.sell.smartstore.naver.com/faq/content.help?faqId=4153)\n*   [PC에서는 공지사항이 노출되나 모바일에서는 노출되지 않아요.](https://help.sell.smartstore.naver.com/faq/content.help?faqId=4153)\n*   [상세이미지를 변경하였으나 모바일(휴대폰)에서는 변경 전 이미지로 노출돼요.](https://help.sell.smartstore.naver.com/faq/content.help?faqId=4153)\n*   [상품등록 후 대카테고리 수정이 가능한가요?](https://help.sell.smartstore.naver.com/faq/content.help?faqId=4153)\n*   [상품목록에서 엑셀다운로드 시 파일이 정상적으로 열리지 않아요.(깨짐 현상)](https://help.sell.smartstore.naver.com/faq/content.help?faqId=4153)\n*   [연결완료된 카탈로그가 내 상품과 맞지 않아요.](https://help.sell.smartstore.naver.com/faq/content.help?faqId=4153)\n*   [옵션/추가상품 판매 중 일부가 품절되었습니다. '품절'처리는 어떻게 하나요?](https://help.sell.smartstore.naver.com/faq/content.help?faqId=4153)\n*   [네이버쇼핑 검색결과 내 쇼핑몰 명 하단 '적립/쿠폰/할인'문구가 노출되길 원해요.](https://help.sell.smartstore.naver.com/faq/content.help?faqId=4153)\n*   [네이버쇼핑에 노출되는 제조사/브랜드명이 입력한 정보와 상이하게 노출돼요.](https://help.sell.smartstore.naver.com/faq/content.help?faqId=4153)\n*   [상품 상세페이지의 배송기간(리드타임) 노출 기준이 어떻게 되나요?](https://help.sell.smartstore.naver.com/faq/content.help?faqId=4153)\n*   [상품명을 바꿔도 수정되지 않아요.](https://help.sell.smartstore.naver.com/faq/content.help?faqId=4153)\n*   [판매 진행 중인 전체 상품을 오늘출발 가능한 상품으로 일괄 변경하고 싶어요.](https://help.sell.smartstore.naver.com/faq/content.help?faqId=4153)\n*   [오늘출발로 설정한 상품을 일괄 조회하고 싶어요.](https://help.sell.smartstore.naver.com/faq/content.help?faqId=4153)\n*   [이미 등록된 상품을 맞춤제작 상품으로 일괄 변경하고 싶어요.](https://help.sell.smartstore.naver.com/faq/content.help?faqId=4153)\n*   [맞춤제작 상품은 어떻게 구분할 수 있나요?](https://help.sell.smartstore.naver.com/faq/content.help?faqId=4153)\n*   [모바일 상세페이지 확인 시 빠른 이미지 노출을 위한 권장사항이 있을까요?](https://help.sell.smartstore.naver.com/faq/content.help?faqId=4153)\n*   [상품 상세페이지의 배송 시뮬레이터는 어떻게 노출하나요?](https://help.sell.smartstore.naver.com/faq/content.help?faqId=4153)\n*   [판매중인 상품의 배송정보를 일괄로 수정 하고 싶어요.](https://help.sell.smartstore.naver.com/faq/content.help?faqId=4153)\n*   [예약구매 상품을 일괄 변경하고 싶어요.](https://help.sell.smartstore.naver.com/faq/content.help?faqId=4153)\n*   [예약구매 상품만 조회할 수 있나요?](https://help.sell.smartstore.naver.com/faq/content.help?faqId=4153)\n*   [상품 일괄수정(변경)은 어떻게 하나요?](https://help.sell.smartstore.naver.com/faq/content.help?faqId=4153)\n*   [라이브 특가 적용 중인 상품의 할인을 수정하면 어떻게 되나요?](https://help.sell.smartstore.naver.com/faq/content.help?faqId=4153)\n*   ['라이브 특가를 설정한 상품이 있는지 미리 확인하세요' 문구는 왜 뜨나요?](https://help.sell.smartstore.naver.com/faq/content.help?faqId=4153)\n*   [상품을 판매중지/전시중지로 변경이 가능한가요?](https://help.sell.smartstore.naver.com/faq/content.help?faqId=4153)\n*   [상품(옵션)의 재고수량이 많으나, 품절로 변경되었어요.](https://help.sell.smartstore.naver.com/faq/content.help?faqId=4153)\n*   [상품 상세페이지에 노출되는 '사용자 총 평점'는 어떤 기준으로 노출되나요?](https://help.sell.smartstore.naver.com/faq/content.help?faqId=4153)\n*   ['모바일 미리보기'가 안됩니다. 어떻게 해야하나요?](https://help.sell.smartstore.naver.com/faq/content.help?faqId=4153)\n*   [실수로 상품을 삭제했습니다. 복구 가능한가요?](https://help.sell.smartstore.naver.com/faq/content.help?faqId=4153)\n*   [모바일로 상품조회/수정 메뉴에서 확인되는 상품번호 클릭 시 상품페이지로 접속되지 않습니다.](https://help.sell.smartstore.naver.com/faq/content.help?faqId=4153)\n*   [판매기간 종료된 상품은 \"판매중\"으로 어떻게 변경하나요?](https://help.sell.smartstore.naver.com/faq/content.help?faqId=4153)\n*   [[풀필먼트] 풀필먼트 정보를 일괄로 변경 할 수 있나요?](https://help.sell.smartstore.naver.com/faq/content.help?faqId=4153)\n*   [[풀필먼트] 상품 목록에서 풀필먼트사는 무엇인가요?](https://help.sell.smartstore.naver.com/faq/content.help?faqId=4153)\n*   [[풀필먼트] 풀필먼트가 설정된 상품만 조회할 수 있나요?](https://help.sell.smartstore.naver.com/faq/content.help?faqId=4153)\n*   [최대할인가 목록에서 노출되는 쿠폰 기준은 어떻게 되나요?](https://help.sell.smartstore.naver.com/faq/content.help?faqId=4153)\n*   [상품상세가 HTML로 자동 변경되었습니다, 왜 그런건가요?](https://help.sell.smartstore.naver.com/faq/content.help?faqId=4153)\n*   [모바일 미리보기에서 등록한 영상 이미지가 노출되지 않습니다. 왜 그런가요?](https://help.sell.smartstore.naver.com/faq/content.help?faqId=4153)\n*   [디지털/가전으로 등록된 카테고리가 배송없음으로 등록/수정이 안돼요.](https://help.sell.smartstore.naver.com/faq/content.help?faqId=4153)\n*   [트래픽이 많이 발생할 수 있는 이벤트(마케팅 등)를 진행해도 문제가 없나요?](https://help.sell.smartstore.naver.com/faq/content.help?faqId=4153)\n*   [상품 일괄수정(변경) 시 '작업중 오류가 발생했습니다.' 메시지가 노출됩니다.](https://help.sell.smartstore.naver.com/faq/content.help?faqId=4153)\n*   [상품을 삭제하려고 하는데 진행되지 않습니다. 왜 그런가요?](https://help.sell.smartstore.naver.com/faq/content.help?faqId=4153)\n*   [[풀필먼트] 물류사에는 재고가 있는데 스마트스토어에는 품절로 보여요.](https://help.sell.smartstore.naver.com/faq/content.help?faqId=4153)\n*   [[풀필먼트] 풀필먼트 이용 시 반품/교환 수거도 물류사를 통해 진행되나요?](https://help.sell.smartstore.naver.com/faq/content.help?faqId=4153)\n*   [품절된 상품이나 주문이 발생하였습니다. 왜 그런가요?](https://help.sell.smartstore.naver.com/faq/content.help?faqId=4153)\n*   [모바일 미리보기없이 원본 그대로 노출하고 싶습니다.](https://help.sell.smartstore.naver.com/faq/content.help?faqId=4153)\n*   [등록한 상품이 네이버쇼핑 등록 Y(노출중단)으로 노출됩니다. 왜 그런가요?](https://help.sell.smartstore.naver.com/faq/content.help?faqId=4153)\n*   [상세 이미지가 다운로드되지 않도록 설정 가능한가요?](https://help.sell.smartstore.naver.com/faq/content.help?faqId=4153)\n*   [[그룹상품] '그룹 설정' 기능은 무엇인가요?](https://help.sell.smartstore.naver.com/faq/content.help?faqId=4153)\n*   [[그룹상품] 옵션이 존재하는 상품을 그룹설정할 경우, 어떤 것을 유의해야 하나요?](https://help.sell.smartstore.naver.com/faq/content.help?faqId=4153)\n*   [상품정보 제공고시 내 '제조국'을 입력하지 않았으나, 표기되고 있습니다. 왜 그런가요?](https://help.sell.smartstore.naver.com/faq/content.help?faqId=4153)\n*   [[그룹상품] 그룹상품 등록 이후 상품을 그룹에서 해제할 수 있나요?](https://help.sell.smartstore.naver.com/faq/content.help?faqId=4153)\n*   [상품 정보 변경 전 장바구니에 담은 후, 상품의 정보가 변동될 시 자동 반영 되나요?](https://help.sell.smartstore.naver.com/faq/content.help?faqId=4153)\n*   [상품 등록/수정 시 오늘출발로 배송유형을 선택하면 배송비 템플릿 추가할 수 없나요?](https://help.sell.smartstore.naver.com/faq/content.help?faqId=4153)\n*   [Npay에서 구매자에게 제공하는 구매적립 혜택에 대해 제외되는 카테고리가 있나요?](https://help.sell.smartstore.naver.com/faq/content.help?faqId=4153)\n*   [상품 상세페이지에 노출되는 'AI구매선호 분석'이 무엇인가요?](https://help.sell.smartstore.naver.com/faq/content.help?faqId=4153)\n*   [상품 상세페이지 내 'AI구매선호분석' 그래프를 노출 또는 미노출 시킬 수 있나요?](https://help.sell.smartstore.naver.com/faq/content.help?faqId=4153)\n*   [[그룹상품] 그룹 설정에서 AI 추천은 어떤 기능을 하나요?](https://help.sell.smartstore.naver.com/faq/content.help?faqId=4153)\n*   [[그룹상품] 기준 상품 선택은 무엇인가요?](https://help.sell.smartstore.naver.com/faq/content.help?faqId=4153)\n*   [[그룹상품] 기존 등록한 그룹에 상품을 추가할 수 있나요?](https://help.sell.smartstore.naver.com/faq/content.help?faqId=4153)\n*   [상품 등록 시 적용한 할인율과 다르게 노출됩니다. 왜 그런가요?](https://help.sell.smartstore.naver.com/faq/content.help?faqId=4153)\n*   [[그룹상품] 색상칩을 상품페이지에 노출시키거나, 노출되지 않도록 설정할 수 있나요?](https://help.sell.smartstore.naver.com/faq/content.help?faqId=4153)\n*   [[그룹상품] 어떤 상품을 그룹으로 설정할 수 있나요? (그룹 설정 가능 조건)](https://help.sell.smartstore.naver.com/faq/content.help?faqId=4153)\n*   [[그룹상품] 그룹상품으로 설정하면 기존에 등록되어 있던 리뷰는 어떻게 되나요?](https://help.sell.smartstore.naver.com/faq/content.help?faqId=4153)\n*   [상품의 전시상태가 \"수정\"으로 노출되는 건 왜 그런가요?](https://help.sell.smartstore.naver.com/faq/content.help?faqId=4153)\n*   [모바일 미리보기에서 등록한 이미지가 노출되지 않습니다. 왜 그런가요?](https://help.sell.smartstore.naver.com/faq/content.help?faqId=4153)\n*   [[그룹상품] 상품명, 부가세,공지사항 등 수정하려고 하나, 활성화되지 않습니다. 왜 그런가요?](https://help.sell.smartstore.naver.com/faq/content.help?faqId=4153)\n*   [[장바구니]버튼이 확인되지 않는 상품이 있습니다. 왜 그런가요?](https://help.sell.smartstore.naver.com/faq/content.help?faqId=4153)\n*   [SKU가 연결된 상품을 그룹설정 시 주의해야할 게 있나요?](https://help.sell.smartstore.naver.com/faq/content.help?faqId=4153)\n*   [자동가격관리 기능은 무엇인가요?](https://help.sell.smartstore.naver.com/faq/content.help?faqId=4153)\n*   [자동가격관리 설정 불가한 조건이 있나요?](https://help.sell.smartstore.naver.com/faq/content.help?faqId=4153)\n*   [자동가격관리 설정이 자동으로 해제되었어요. 왜 그런가요?](https://help.sell.smartstore.naver.com/faq/content.help?faqId=4153)\n*   [자동가격관리 대상 판매자/카테고리가 궁금합니다.](https://help.sell.smartstore.naver.com/faq/content.help?faqId=4153)\n*   [자동가격관리 설정 시 가격이 변경되지 않습니다. 왜 그런가요?](https://help.sell.smartstore.naver.com/faq/content.help?faqId=4153)\n*   [자동가격관리 설정 시 가격 정보는 배송비/쿠폰을 포함하나요?](https://help.sell.smartstore.naver.com/faq/content.help?faqId=4153)\n*   [자동가격관리 설정에서 배송비 기준은 무엇인가요?](https://help.sell.smartstore.naver.com/faq/content.help?faqId=4153)\n*   [자동가격관리 설정 > 변경 범위에서 '추천가' 기준은 무엇인가요?](https://help.sell.smartstore.naver.com/faq/content.help?faqId=4153)\n*   [자동가격관리 설정과 카탈로그 페이지 내 쿠폰 할인가 금액이 다릅니다. 왜 그런가요?](https://help.sell.smartstore.naver.com/faq/content.help?faqId=4153)\n*   [자동가격관리 설정 시 가격이 정상적으로 변경되지 않을 수 있나요?](https://help.sell.smartstore.naver.com/faq/content.help?faqId=4153)\n*   [자동가격관리 설정 후 상품 가격이 자동으로 변경되었는데, 카탈로그에 반영되지 않습니다. 왜 그런가요?](https://help.sell.smartstore.naver.com/faq/content.help?faqId=4153)\n*   [자동가격관리 설정 후 카탈로그 매칭 정보가 변경되면 어떻게 되나요?](https://help.sell.smartstore.naver.com/faq/content.help?faqId=4153)\n*   [[그룹상품] 그룹상품 등록 이후 판매옵션 정보를 수정할 수 있나요?](https://help.sell.smartstore.naver.com/faq/content.help?faqId=4153)\n*   [[그룹상품] 상품목록과 상품상세에서의 색상칩 개수가 다릅니다. 왜 그런가요?](https://help.sell.smartstore.naver.com/faq/content.help?faqId=4153)\n\n*   [이용약관](https://sell.smartstore.naver.com/#/terms/agreement \"새창\")\n*   [전자금융거래 이용약관](https://new-m.pay.naver.com/member/terms-policy/finance \"새창\")\n*   [**개인정보 처리방침**](http://mktg.naver.com/privacy/privacy.html \"새창\")\n*   [청소년 보호정책](http://www.naver.com/policy/youthpolicy.html \"새창\")\n*   [책임의 한계와 법적고지](http://smartstore.naver.com/main/rules/responsibility \"팝업\")\n*   [안전거래가이드](http://ips.smartstore.naver.com/main/rules/safety \"새창\")\n*   [고객센터](https://help.sell.smartstore.naver.com/)\n\n네이버㈜는 결제정보의 중개서비스 또는 통신판매중개시스템의 제공자로서, 통신판매의 당사자가 아니며, 상품의 주문, 배송 및 환불 등과 관련한 의무와 책임은 각 판매자에게 있습니다.\n\n또한 판매자와 구매자간의 직거래에 대하여 당사는 관여하지 않기 때문에 거래에 대해서는 책임을 지지 않습니다.\n\n*   사업자등록번호 : 220-81-62517\n*   통신판매업신고번호 : 제2006-경기성남-0692호\n*   대표이사 : 최수연\n*   [사업자정보확인](https://www.ftc.go.kr/bizCommPop.do?wrkr_no=2208162517 \"새창\")\n*   주소 : 경기도 성남시 분당구 정자일로 95, NAVER 1784 (13561)\n*   전화 : 1588-3819\n*   이메일 : [helpcustomer@naver.com](mailto:helpcustomer@naver.com)\n*   [1:1문의](https://help.sell.smartstore.naver.com/mail/form.help)\n\n[NAVER](http://www.navercorp.com/ko/index.nhn \"새창\")\n\nCopyright © [**NAVER Corp.**](http://www.navercorp.com/ko/index.nhn \"새창\") All rights reserved."
      },
      {
        "platform": "naver",
        "title": "스마트스토어 고객센터",
        "url": "https://help.sell.smartstore.naver.com/faq/content.help?faqId=14887",
        "snippet": "스마트스토어 고객센터\n\nNAVER스마트스토어센터\n\n로그인\n\n궁금할 땐 톡톡상담하세요!\n\n톡톡상담\n\n   홈\n       홈\n\n   회원가입\n       신규 회원가입\n       초대로 회원가입\n       아이디/비밀번호 찾기\n       탈퇴/재가입\n       네이버 쇼핑 입점\n       2단계 인증\n\n   상품관리\n       그룹상품 리뷰이동\n       그룹상품 노출 관리\n       상품 조회/수정\n       상품 등록\n       상품 일괄등록\n       카탈로그 가격관리\n       연관상품 관리\n       사진 보관함\n       배송정보 관리\n       템플릿 관리\n       공지사항 관리\n       상품정보 검색품질(SEO)\n       구독 관리\n       상품명 마스터\n       등록 정보 검토\n       검색 순위 진단 [...] [[쇼핑윈도 전용] 쇼핑윈도 상품들이 많은데 상품정보/조회 수정 메뉴에서 확인되지 않아요.](\n   즉시할인 일괄설정/해제는 어떻게 하나요?\n   PC에서는 공지사항이 노출되나 모바일에서는 노출되지 않아요.\n   상세이미지를 변경하였으나 모바일(휴대폰)에서는 변경 전 이미지로 노출돼요.\n   상품등록 후 대카테고리 수정이 가능한가요?\n   상품목록에서 엑셀다운로드 시 파일이 정상적으로 열리지 않아요.(깨짐 현상)\n   연결완료된 카탈로그가 내 상품과 맞지 않아요.\n   옵션/추가상품 판매 중 일부가 품절되었습니다. '품절'처리는 어떻게 하나요?\n   네이버쇼핑 검색결과 내 쇼핑몰 명 하단 '적립/쿠폰/할인'문구가 노출되길 원해요.\n   네이버쇼핑에 노출되는 제조사/브랜드명이 입력한 정보와 상이하게 노출돼요.\n   상품 상세페이지의 배송기간(리드타임) 노출 기준이 어떻게 되나요?\n   상품명을 바꿔도 수정되지 않아요. [...] - 선택형 옵션을 설정한 상품 (조합형 옵션 또는 색상/사이즈 간편입력을 설정한 상품)\n\n· 그룹상품으로 전환 시 상품의 기존 옵션 정보가 모두 삭제되고 옵션이 없는 단일상품으로 변경되기에, 재고 매핑 정보를 ‘옵션 관리코드 → 상품번호’로 별도 수정하지 않을 경우 재고 연동이 불가합니다.\n\n· 재고 매핑 정보 설정 관련 상세 내용은 네이버 풀필먼트 매뉴얼을 참고해주세요.네이버 풀필먼트 매뉴얼 바로가기》\n\n· 그룹 설정하고자 하는 상품에 가격비교 사이트가 설정된 경우, 상품 1개에라도 설정된 사이트는 그룹 정보로 자동 입력됩니다.\n\n- 예시) '네이버쇼핑' 가격비교 사이트 설정 상품 & '에누리' 가격비교 사이트 설정 상품 함께 그룹 설정 -> 그룹 가격비교 사이트 정보로 '네이버쇼핑', '에누리' 모두 설정됨\n\n- 반드시 확인 후 필요할 경우 수정해주세요.\n\n※ 참고.",
        "score": 0.04683392,
        "timestamp": "2025-11-29T05:40:52.852537",
        "raw_content": "스마트스토어 고객센터\n\n===============\n\n[NAVER](http://www.naver.com/ \"NAVER\")[스마트스토어센터](https://sell.smartstore.naver.com/ \"스마트스토어센터\")\n===============================================================================================\n\n[로그인](https://help.sell.smartstore.naver.com/faq/content.help?faqId=14887#)\n\n궁금할 땐 톡톡상담하세요!\n\n[톡톡상담](https://help.sell.smartstore.naver.com/faq/content.help?faqId=14887#)\n\n*   [홈](https://help.sell.smartstore.naver.com/faq/content.help?faqId=14887)\n    *   [홈](https://help.sell.smartstore.naver.com/faq/list.help?categoryId=11082)\n\n*   [회원가입](https://help.sell.smartstore.naver.com/faq/content.help?faqId=14887)\n    *   [신규 회원가입](https://help.sell.smartstore.naver.com/faq/list.help?categoryId=535)\n    *   [초대로 회원가입](https://help.sell.smartstore.naver.com/faq/list.help?categoryId=536)\n    *   [아이디/비밀번호 찾기](https://help.sell.smartstore.naver.com/faq/list.help?categoryId=537)\n    *   [탈퇴/재가입](https://help.sell.smartstore.naver.com/faq/list.help?categoryId=538)\n    *   [네이버 쇼핑 입점](https://help.sell.smartstore.naver.com/faq/list.help?categoryId=539)\n    *   [2단계 인증](https://help.sell.smartstore.naver.com/faq/list.help?categoryId=924)\n\n*   [상품관리](https://help.sell.smartstore.naver.com/faq/content.help?faqId=14887)\n    *   [그룹상품 리뷰이동](https://help.sell.smartstore.naver.com/faq/list.help?categoryId=11086)\n    *   [그룹상품 노출 관리](https://help.sell.smartstore.naver.com/faq/list.help?categoryId=11126)\n    *   [상품 조회/수정](https://help.sell.smartstore.naver.com/faq/list.help?categoryId=540)\n    *   [상품 등록](https://help.sell.smartstore.naver.com/faq/list.help?categoryId=541)\n    *   [상품 일괄등록](https://help.sell.smartstore.naver.com/faq/list.help?categoryId=542)\n    *   [카탈로그 가격관리](https://help.sell.smartstore.naver.com/faq/list.help?categoryId=848)\n    *   [연관상품 관리](https://help.sell.smartstore.naver.com/faq/list.help?categoryId=649)\n    *   [사진 보관함](https://help.sell.smartstore.naver.com/faq/list.help?categoryId=543)\n    *   [배송정보 관리](https://help.sell.smartstore.naver.com/faq/list.help?categoryId=544)\n    *   [템플릿 관리](https://help.sell.smartstore.naver.com/faq/list.help?categoryId=545)\n    *   [공지사항 관리](https://help.sell.smartstore.naver.com/faq/list.help?categoryId=546)\n    *   [상품정보 검색품질(SEO)](https://help.sell.smartstore.naver.com/faq/list.help?categoryId=811)\n    *   [구독 관리](https://help.sell.smartstore.naver.com/faq/list.help?categoryId=1006)\n    *   [상품명 마스터](https://help.sell.smartstore.naver.com/faq/list.help?categoryId=10931)\n    *   [등록 정보 검토](https://help.sell.smartstore.naver.com/faq/list.help?categoryId=11139)\n    *   [검색 순위 진단](https://help.sell.smartstore.naver.com/faq/list.help?categoryId=11140)\n\n*   [쇼핑윈도관리](https://help.sell.smartstore.naver.com/faq/content.help?faqId=14887)\n    *   [쇼핑윈도 상품 조회/수정](https://help.sell.smartstore.naver.com/faq/list.help?categoryId=547)\n    *   [쇼핑윈도 상품 불러오기](https://help.sell.smartstore.naver.com/faq/list.help?categoryId=548)\n    *   [쇼핑윈도 소식 관리](https://help.sell.smartstore.naver.com/faq/list.help?categoryId=549)\n    *   [쇼핑윈도 스토어 관리](https://help.sell.smartstore.naver.com/faq/list.help?categoryId=551)\n\n*   [판매관리](https://help.sell.smartstore.naver.com/faq/content.help?faqId=14887)\n    *   [주문통합검색](https://help.sell.smartstore.naver.com/faq/list.help?categoryId=791)\n    *   [선물 수락대기](https://help.sell.smartstore.naver.com/faq/list.help?categoryId=558)\n    *   [미결제확인](https://help.sell.smartstore.naver.com/faq/list.help?categoryId=559)\n    *   [발주(주문)확인/발송관리](https://help.sell.smartstore.naver.com/faq/list.help?categoryId=560)\n    *   [배송현황 관리](https://help.sell.smartstore.naver.com/faq/list.help?categoryId=561)\n    *   [구매확정 내역](https://help.sell.smartstore.naver.com/faq/list.help?categoryId=562)\n    *   [취소 관리](https://help.sell.smartstore.naver.com/faq/list.help?categoryId=563)\n    *   [반품 관리](https://help.sell.smartstore.naver.com/faq/list.help?categoryId=564)\n    *   [교환 관리](https://help.sell.smartstore.naver.com/faq/list.help?categoryId=565)\n    *   [판매방해 고객관리](https://help.sell.smartstore.naver.com/faq/list.help?categoryId=837)\n    *   [반품안심케어](https://help.sell.smartstore.naver.com/faq/list.help?categoryId=10776)\n\n*   [정산관리](https://help.sell.smartstore.naver.com/faq/content.help?faqId=14887)\n    *   [정산 내역 (일별/건별)](https://help.sell.smartstore.naver.com/faq/list.help?categoryId=566)\n    *   [항목별 정산 내역](https://help.sell.smartstore.naver.com/faq/list.help?categoryId=567)\n    *   [빠른정산](https://help.sell.smartstore.naver.com/faq/list.help?categoryId=932)\n    *   [부가세신고 내역](https://help.sell.smartstore.naver.com/faq/list.help?categoryId=568)\n    *   [세금계산서 조회](https://help.sell.smartstore.naver.com/faq/list.help?categoryId=569)\n    *   [비즈월렛 관리](https://help.sell.smartstore.naver.com/faq/list.help?categoryId=570)\n    *   [통합 정산내역](https://help.sell.smartstore.naver.com/faq/list.help?categoryId=571)\n    *   [중소상공인수수료전반](https://help.sell.smartstore.naver.com/faq/list.help?categoryId=840)\n    *   [초보판매자 정산가이드](https://help.sell.smartstore.naver.com/faq/list.help?categoryId=10809)\n    *   [우대수수료 환급내역](https://help.sell.smartstore.naver.com/faq/list.help?categoryId=10867)\n    *   [매출연동수수료](https://help.sell.smartstore.naver.com/faq/list.help?categoryId=11033)\n\n*   [문의/리뷰관리](https://help.sell.smartstore.naver.com/faq/content.help?faqId=14887)\n    *   [문의 관리](https://help.sell.smartstore.naver.com/faq/list.help?categoryId=574)\n    *   [고객문의 관리](https://help.sell.smartstore.naver.com/faq/list.help?categoryId=575)\n    *   [리뷰 관리](https://help.sell.smartstore.naver.com/faq/list.help?categoryId=576)\n    *   [리뷰이벤트 관리](https://help.sell.smartstore.naver.com/faq/list.help?categoryId=857)\n    *   [상품상세 블로그글 노출](https://help.sell.smartstore.naver.com/faq/list.help?categoryId=10953)\n    *   [톡톡 상담하기](https://help.sell.smartstore.naver.com/faq/list.help?categoryId=10763)\n    *   [톡톡 쇼핑챗봇/AI FAQ 설정](https://help.sell.smartstore.naver.com/faq/list.help?categoryId=10764)\n\n*   [스토어관리](https://help.sell.smartstore.naver.com/faq/content.help?faqId=14887)\n    *   [스마트스토어](https://help.sell.smartstore.naver.com/faq/list.help?categoryId=577)\n    *   [카테고리 관리](https://help.sell.smartstore.naver.com/faq/list.help?categoryId=579)\n    *   [쇼핑스토리 관리](https://help.sell.smartstore.naver.com/faq/list.help?categoryId=652)\n    *   [쇼핑라이브 숏클립 등록](https://help.sell.smartstore.naver.com/faq/list.help?categoryId=10731)\n    *   [기본정보 관리](https://help.sell.smartstore.naver.com/faq/list.help?categoryId=580)\n    *   [API 관리](https://help.sell.smartstore.naver.com/faq/list.help?categoryId=10954)\n    *   [SNS 설정](https://help.sell.smartstore.naver.com/faq/list.help?categoryId=10965)\n    *   [쇼핑윈도 노출 신청](https://help.sell.smartstore.naver.com/faq/list.help?categoryId=844)\n    *   [네이버 서비스 연결](https://help.sell.smartstore.naver.com/faq/list.help?categoryId=847)\n    *   [가격비교 서비스 연결](https://help.sell.smartstore.naver.com/faq/list.help?categoryId=10967)\n\n*   [혜택/마케팅](https://help.sell.smartstore.naver.com/faq/content.help?faqId=14887)\n    *   [혜택 등록](https://help.sell.smartstore.naver.com/faq/list.help?categoryId=608)\n    *   [혜택 조회/수정](https://help.sell.smartstore.naver.com/faq/list.help?categoryId=663)\n    *   [혜택 리포트](https://help.sell.smartstore.naver.com/faq/list.help?categoryId=609)\n    *   [포인트 지급관리](https://help.sell.smartstore.naver.com/faq/list.help?categoryId=10864)\n    *   [포인트 지급내역 조회](https://help.sell.smartstore.naver.com/faq/list.help?categoryId=799)\n    *   [고객등급 관리](https://help.sell.smartstore.naver.com/faq/list.help?categoryId=819)\n    *   [마케팅 보내기](https://help.sell.smartstore.naver.com/faq/list.help?categoryId=918)\n    *   [마케팅 이력](https://help.sell.smartstore.naver.com/faq/list.help?categoryId=919)\n    *   [마케팅 통계](https://help.sell.smartstore.naver.com/faq/list.help?categoryId=10728)\n    *   [AI 마케팅 효과분석](https://help.sell.smartstore.naver.com/faq/list.help?categoryId=10907)\n    *   [마케팅 링크 관리](https://help.sell.smartstore.naver.com/faq/list.help?categoryId=11058)\n\n*   [브랜드 혜택/마케팅](https://help.sell.smartstore.naver.com/faq/content.help?faqId=14887)\n    *   [고객군 마케팅](https://help.sell.smartstore.naver.com/faq/list.help?categoryId=10928)\n    *   [타겟팅 성과분석](https://help.sell.smartstore.naver.com/faq/list.help?categoryId=10929)\n    *   [라운지 노출 관리](https://help.sell.smartstore.naver.com/faq/list.help?categoryId=10877)\n    *   [라운지 가입 관리](https://help.sell.smartstore.naver.com/faq/list.help?categoryId=10878)\n    *   [추가 수집 항목 관리](https://help.sell.smartstore.naver.com/faq/list.help?categoryId=10879)\n    *   [라운지 멤버 관리](https://help.sell.smartstore.naver.com/faq/list.help?categoryId=10880)\n    *   [라운지 스토리 관리](https://help.sell.smartstore.naver.com/faq/list.help?categoryId=10881)\n    *   [라운지 통계](https://help.sell.smartstore.naver.com/faq/list.help?categoryId=10993)\n\n*   [커머스솔루션](https://help.sell.smartstore.naver.com/faq/content.help?faqId=14887)\n    *   [솔루션 목록](https://help.sell.smartstore.naver.com/faq/list.help?categoryId=10768)\n    *   [소비자조사](https://help.sell.smartstore.naver.com/faq/list.help?categoryId=10900)\n    *   [Quick 모니터링 관리](https://help.sell.smartstore.naver.com/faq/list.help?categoryId=10902)\n    *   [쇼핑 커넥트](https://help.sell.smartstore.naver.com/faq/list.help?categoryId=11057)\n\n*   [데이터 분석](https://help.sell.smartstore.naver.com/faq/content.help?faqId=14887)\n    *   [프로모션 진단](https://help.sell.smartstore.naver.com/faq/list.help?categoryId=11127)\n    *   [스토어분석](https://help.sell.smartstore.naver.com/faq/list.help?categoryId=11083)\n    *   [요약](https://help.sell.smartstore.naver.com/faq/list.help?categoryId=806)\n    *   [판매분석](https://help.sell.smartstore.naver.com/faq/list.help?categoryId=807)\n    *   [마케팅분석](https://help.sell.smartstore.naver.com/faq/list.help?categoryId=808)\n    *   [쇼핑행동분석](https://help.sell.smartstore.naver.com/faq/list.help?categoryId=809)\n    *   [시장벤치마크](https://help.sell.smartstore.naver.com/faq/list.help?categoryId=810)\n    *   [판매성과예측](https://help.sell.smartstore.naver.com/faq/list.help?categoryId=871)\n    *   [고객현황](https://help.sell.smartstore.naver.com/faq/list.help?categoryId=627)\n    *   [재구매 통계](https://help.sell.smartstore.naver.com/faq/list.help?categoryId=800)\n\n*   [광고관리](https://help.sell.smartstore.naver.com/faq/content.help?faqId=14887)\n    *   [쇼핑버티컬광고](https://help.sell.smartstore.naver.com/faq/list.help?categoryId=10946)\n    *   [CRM 마케팅 타겟 광고](https://help.sell.smartstore.naver.com/faq/list.help?categoryId=11024)\n\n*   [프로모션 관리](https://help.sell.smartstore.naver.com/faq/content.help?faqId=14887)\n    *   [기획전 관리](https://help.sell.smartstore.naver.com/faq/list.help?categoryId=845)\n    *   [참여형 프로모션 관리](https://help.sell.smartstore.naver.com/faq/list.help?categoryId=11061)\n    *   [미스터](https://help.sell.smartstore.naver.com/faq/list.help?categoryId=927)\n\n*   [N배송 관리](https://help.sell.smartstore.naver.com/faq/content.help?faqId=14887)\n    *   [N배송 프로그램](https://help.sell.smartstore.naver.com/faq/list.help?categoryId=10834)\n    *   [N배송 신청하기](https://help.sell.smartstore.naver.com/faq/list.help?categoryId=1005)\n    *   [N배송 재고관리](https://help.sell.smartstore.naver.com/faq/list.help?categoryId=11054)\n    *   [N배송 입고관리](https://help.sell.smartstore.naver.com/faq/list.help?categoryId=11116)\n    *   [N배송 리포트관리](https://help.sell.smartstore.naver.com/faq/list.help?categoryId=11102)\n    *   [물류비 청구내역](https://help.sell.smartstore.naver.com/faq/list.help?categoryId=11103)\n    *   [풀필먼트 주문 조회](https://help.sell.smartstore.naver.com/faq/list.help?categoryId=10942)\n    *   [N판매자배송 신청](https://help.sell.smartstore.naver.com/faq/list.help?categoryId=10986)\n    *   [N판매자배송 운영](https://help.sell.smartstore.naver.com/faq/list.help?categoryId=10985)\n    *   [판매자 창고 운영](https://help.sell.smartstore.naver.com/faq/list.help?categoryId=10944)\n\n*   [판매자 정보](https://help.sell.smartstore.naver.com/faq/content.help?faqId=14887)\n    *   [내정보](https://help.sell.smartstore.naver.com/faq/list.help?categoryId=581)\n    *   [판매자 정보](https://help.sell.smartstore.naver.com/faq/list.help?categoryId=582)\n    *   [매니저 관리](https://help.sell.smartstore.naver.com/faq/list.help?categoryId=10727)\n    *   [판매자 등급](https://help.sell.smartstore.naver.com/faq/list.help?categoryId=611)\n    *   [정보 변경 신청](https://help.sell.smartstore.naver.com/faq/list.help?categoryId=583)\n    *   [양도양수](https://help.sell.smartstore.naver.com/faq/list.help?categoryId=922)\n    *   [사업자 전환](https://help.sell.smartstore.naver.com/faq/list.help?categoryId=584)\n    *   [상품판매권한 신청](https://help.sell.smartstore.naver.com/faq/list.help?categoryId=855)\n    *   [고객확인제도](https://help.sell.smartstore.naver.com/faq/list.help?categoryId=923)\n    *   [심사내역 조회](https://help.sell.smartstore.naver.com/faq/list.help?categoryId=10726)\n    *   [판매자 지원 프로그램](https://help.sell.smartstore.naver.com/faq/list.help?categoryId=10711)\n    *   [성장 마일리지](https://help.sell.smartstore.naver.com/faq/list.help?categoryId=11091)\n    *   [굿서비스 점수](https://help.sell.smartstore.naver.com/faq/list.help?categoryId=11125)\n\n*   [공지사항](https://help.sell.smartstore.naver.com/faq/content.help?faqId=14887)\n    *   [공지사항](https://help.sell.smartstore.naver.com/faq/list.help?categoryId=10730)\n\n*   [공통/기타](https://help.sell.smartstore.naver.com/faq/content.help?faqId=14887)\n    *   [판매자센터 기본 이용방법](https://help.sell.smartstore.naver.com/faq/list.help?categoryId=586)\n    *   [스마트스토어센터 알림](https://help.sell.smartstore.naver.com/faq/list.help?categoryId=868)\n    *   [쇼핑라이브](https://help.sell.smartstore.naver.com/faq/list.help?categoryId=883)\n    *   [사장님 보험](https://help.sell.smartstore.naver.com/faq/list.help?categoryId=933)\n    *   [스마트스토어 사업자 대출](https://help.sell.smartstore.naver.com/faq/list.help?categoryId=934)\n    *   [사업자대출 대출안심케어](https://help.sell.smartstore.naver.com/faq/list.help?categoryId=989)\n    *   [정책지원금](https://help.sell.smartstore.naver.com/faq/list.help?categoryId=10769)\n    *   [스마트플레이스 사업자 대출](https://help.sell.smartstore.naver.com/faq/list.help?categoryId=10782)\n    *   [커머스API센터](https://help.sell.smartstore.naver.com/faq/list.help?categoryId=10783)\n    *   [네이버페이 마이비즈](https://help.sell.smartstore.naver.com/faq/list.help?categoryId=10787)\n    *   [스마트스토어 보증서 대출](https://help.sell.smartstore.naver.com/faq/list.help?categoryId=10909)\n    *   [API데이터솔루션(통계)](https://help.sell.smartstore.naver.com/faq/list.help?categoryId=10943)\n    *   [안전거래 정책](https://help.sell.smartstore.naver.com/faq/list.help?categoryId=10979)\n\n*   [1:1 문의하기](https://help.sell.smartstore.naver.com/mail/form.help)\n*   [1:1 문의내역](https://help.sell.smartstore.naver.com/mail/history.help)\n*   [신고하기](https://help.sell.smartstore.naver.com/mail/form.help?alias=shopn_accuse)\n*   [원격지원서비스](http://61.247.209.91/users/main/join.html)\n\n[스마트스토어센터 _사용자 매뉴얼_](https://sell.smartstore.naver.com/#/center-notice/list/MANUAL)\n\n[좌측 내비게이션 숨기기](https://help.sell.smartstore.naver.com/faq/content.help?faqId=14887#)\n\n고객센터\n----\n\n**FAQ**\n\n[전체](https://help.sell.smartstore.naver.com/faq/content.help?faqId=14887)\n*   [전체](https://help.sell.smartstore.naver.com/faq/content.help?faqId=14887)\n*   [홈](https://help.sell.smartstore.naver.com/faq/content.help?faqId=14887)\n*   [회원가입](https://help.sell.smartstore.naver.com/faq/content.help?faqId=14887)\n*   [상품관리](https://help.sell.smartstore.naver.com/faq/content.help?faqId=14887)\n*   [쇼핑윈도관리](https://help.sell.smartstore.naver.com/faq/content.help?faqId=14887)\n*   [판매관리](https://help.sell.smartstore.naver.com/faq/content.help?faqId=14887)\n*   [정산관리](https://help.sell.smartstore.naver.com/faq/content.help?faqId=14887)\n*   [문의/리뷰관리](https://help.sell.smartstore.naver.com/faq/content.help?faqId=14887)\n*   [스토어관리](https://help.sell.smartstore.naver.com/faq/content.help?faqId=14887)\n*   [혜택/마케팅](https://help.sell.smartstore.naver.com/faq/content.help?faqId=14887)\n*   [브랜드 혜택/마케팅](https://help.sell.smartstore.naver.com/faq/content.help?faqId=14887)\n*   [커머스솔루션](https://help.sell.smartstore.naver.com/faq/content.help?faqId=14887)\n*   [데이터 분석](https://help.sell.smartstore.naver.com/faq/content.help?faqId=14887)\n*   [광고관리](https://help.sell.smartstore.naver.com/faq/content.help?faqId=14887)\n*   [프로모션 관리](https://help.sell.smartstore.naver.com/faq/content.help?faqId=14887)\n*   [N배송 관리](https://help.sell.smartstore.naver.com/faq/content.help?faqId=14887)\n*   [판매자 정보](https://help.sell.smartstore.naver.com/faq/content.help?faqId=14887)\n*   [공지사항](https://help.sell.smartstore.naver.com/faq/content.help?faqId=14887)\n*   [공통/기타](https://help.sell.smartstore.naver.com/faq/content.help?faqId=14887)\n\n검색어 입력 0/100\n\n[검색](https://help.sell.smartstore.naver.com/faq/content.help?faqId=14887#)\n\n자동완성 켜기 자동완성 끄기 닫기\n\n*   [자주 묻는 질문](https://help.sell.smartstore.naver.com/faq/content.help?faqId=14887#)\n*   [★ 메뉴 활용 방법](https://help.sell.smartstore.naver.com/faq/content.help?faqId=14887#)\n*   [2단계 인증](https://help.sell.smartstore.naver.com/faq/content.help?faqId=14887#)\n*   [가입 절차](https://help.sell.smartstore.naver.com/faq/content.help?faqId=14887#)\n*   [고객확인제도](https://help.sell.smartstore.naver.com/faq/content.help?faqId=14887#)\n*   [수수료의 종류](https://help.sell.smartstore.naver.com/faq/content.help?faqId=14887#)\n*   [상품등록](https://help.sell.smartstore.naver.com/faq/content.help?faqId=14887#)\n*   [발송처리](https://help.sell.smartstore.naver.com/faq/content.help?faqId=14887#)\n*   [자동 구매확정](https://help.sell.smartstore.naver.com/faq/content.help?faqId=14887#)\n*   [부가세신고](https://help.sell.smartstore.naver.com/faq/content.help?faqId=14887#)\n\n### 상품 조회/수정\n\n*   [★ 상품 조회/수정 메뉴 활용방법](https://help.sell.smartstore.naver.com/faq/content.help?faqId=14887)\n*   [★ 그룹상품 조회/수정 메뉴 활용방법](https://help.sell.smartstore.naver.com/faq/content.help?faqId=14887)\n*   [★ '상품 조회/수정' 관련 자주 묻는 질문](https://help.sell.smartstore.naver.com/faq/content.help?faqId=14887)\n*   [상품조회/수정 메뉴에서 내가 등록한 상품이 조회되지 않아요.](https://help.sell.smartstore.naver.com/faq/content.help?faqId=14887)\n*   [내가 등록한 상품을 어떻게 확인할 수 있나요?](https://help.sell.smartstore.naver.com/faq/content.help?faqId=14887)\n*   [이미 등록한 상품을 수정하고 싶어요.](https://help.sell.smartstore.naver.com/faq/content.help?faqId=14887)\n*   [[쇼핑윈도 전용] 쇼핑윈도에 노출되는 상품만 조회하고 싶어요.](https://help.sell.smartstore.naver.com/faq/content.help?faqId=14887)\n*   [등록된 상품의 정보를 엑셀로 다운로드 받고 싶어요.](https://help.sell.smartstore.naver.com/faq/content.help?faqId=14887)\n*   [[쇼핑윈도 전용] \"쇼핑윈도의 경우에는 전시상태를 직접 변경하실 수 없습니다\"는 무슨 의미인가요?](https://help.sell.smartstore.naver.com/faq/content.help?faqId=14887)\n*   [[쇼핑윈도 전용] 윈도서비스 페이지에 상품이 노출되지 않아요. 왜 그런가요?](https://help.sell.smartstore.naver.com/faq/content.help?faqId=14887)\n*   [모바일 환경에서 추가구성 상품을 등록/수정 가능한가요?](https://help.sell.smartstore.naver.com/faq/content.help?faqId=14887)\n*   [상품의 옵션은 몇 개까지 등록 가능한가요?](https://help.sell.smartstore.naver.com/faq/content.help?faqId=14887)\n*   [[쇼핑윈도 전용] 쇼핑윈도 상품 불러오기로 등록 후 상품 수정은 어떻게 하나요?](https://help.sell.smartstore.naver.com/faq/content.help?faqId=14887)\n*   [[쇼핑윈도 전용] 쇼핑윈도 상품들이 많은데 상품정보/조회 수정 메뉴에서 확인되지 않아요.](https://help.sell.smartstore.naver.com/faq/content.help?faqId=14887)\n*   [즉시할인 일괄설정/해제는 어떻게 하나요?](https://help.sell.smartstore.naver.com/faq/content.help?faqId=14887)\n*   [PC에서는 공지사항이 노출되나 모바일에서는 노출되지 않아요.](https://help.sell.smartstore.naver.com/faq/content.help?faqId=14887)\n*   [상세이미지를 변경하였으나 모바일(휴대폰)에서는 변경 전 이미지로 노출돼요.](https://help.sell.smartstore.naver.com/faq/content.help?faqId=14887)\n*   [상품등록 후 대카테고리 수정이 가능한가요?](https://help.sell.smartstore.naver.com/faq/content.help?faqId=14887)\n*   [상품목록에서 엑셀다운로드 시 파일이 정상적으로 열리지 않아요.(깨짐 현상)](https://help.sell.smartstore.naver.com/faq/content.help?faqId=14887)\n*   [연결완료된 카탈로그가 내 상품과 맞지 않아요.](https://help.sell.smartstore.naver.com/faq/content.help?faqId=14887)\n*   [옵션/추가상품 판매 중 일부가 품절되었습니다. '품절'처리는 어떻게 하나요?](https://help.sell.smartstore.naver.com/faq/content.help?faqId=14887)\n*   [네이버쇼핑 검색결과 내 쇼핑몰 명 하단 '적립/쿠폰/할인'문구가 노출되길 원해요.](https://help.sell.smartstore.naver.com/faq/content.help?faqId=14887)\n*   [네이버쇼핑에 노출되는 제조사/브랜드명이 입력한 정보와 상이하게 노출돼요.](https://help.sell.smartstore.naver.com/faq/content.help?faqId=14887)\n*   [상품 상세페이지의 배송기간(리드타임) 노출 기준이 어떻게 되나요?](https://help.sell.smartstore.naver.com/faq/content.help?faqId=14887)\n*   [상품명을 바꿔도 수정되지 않아요.](https://help.sell.smartstore.naver.com/faq/content.help?faqId=14887)\n*   [판매 진행 중인 전체 상품을 오늘출발 가능한 상품으로 일괄 변경하고 싶어요.](https://help.sell.smartstore.naver.com/faq/content.help?faqId=14887)\n*   [오늘출발로 설정한 상품을 일괄 조회하고 싶어요.](https://help.sell.smartstore.naver.com/faq/content.help?faqId=14887)\n*   [이미 등록된 상품을 맞춤제작 상품으로 일괄 변경하고 싶어요.](https://help.sell.smartstore.naver.com/faq/content.help?faqId=14887)\n*   [맞춤제작 상품은 어떻게 구분할 수 있나요?](https://help.sell.smartstore.naver.com/faq/content.help?faqId=14887)\n*   [모바일 상세페이지 확인 시 빠른 이미지 노출을 위한 권장사항이 있을까요?](https://help.sell.smartstore.naver.com/faq/content.help?faqId=14887)\n*   [상품 상세페이지의 배송 시뮬레이터는 어떻게 노출하나요?](https://help.sell.smartstore.naver.com/faq/content.help?faqId=14887)\n*   [판매중인 상품의 배송정보를 일괄로 수정 하고 싶어요.](https://help.sell.smartstore.naver.com/faq/content.help?faqId=14887)\n*   [예약구매 상품을 일괄 변경하고 싶어요.](https://help.sell.smartstore.naver.com/faq/content.help?faqId=14887)\n*   [예약구매 상품만 조회할 수 있나요?](https://help.sell.smartstore.naver.com/faq/content.help?faqId=14887)\n*   [상품 일괄수정(변경)은 어떻게 하나요?](https://help.sell.smartstore.naver.com/faq/content.help?faqId=14887)\n*   [라이브 특가 적용 중인 상품의 할인을 수정하면 어떻게 되나요?](https://help.sell.smartstore.naver.com/faq/content.help?faqId=14887)\n*   ['라이브 특가를 설정한 상품이 있는지 미리 확인하세요' 문구는 왜 뜨나요?](https://help.sell.smartstore.naver.com/faq/content.help?faqId=14887)\n*   [상품을 판매중지/전시중지로 변경이 가능한가요?](https://help.sell.smartstore.naver.com/faq/content.help?faqId=14887)\n*   [상품(옵션)의 재고수량이 많으나, 품절로 변경되었어요.](https://help.sell.smartstore.naver.com/faq/content.help?faqId=14887)\n*   [상품 상세페이지에 노출되는 '사용자 총 평점'는 어떤 기준으로 노출되나요?](https://help.sell.smartstore.naver.com/faq/content.help?faqId=14887)\n*   ['모바일 미리보기'가 안됩니다. 어떻게 해야하나요?](https://help.sell.smartstore.naver.com/faq/content.help?faqId=14887)\n*   [실수로 상품을 삭제했습니다. 복구 가능한가요?](https://help.sell.smartstore.naver.com/faq/content.help?faqId=14887)\n*   [모바일로 상품조회/수정 메뉴에서 확인되는 상품번호 클릭 시 상품페이지로 접속되지 않습니다.](https://help.sell.smartstore.naver.com/faq/content.help?faqId=14887)\n*   [판매기간 종료된 상품은 \"판매중\"으로 어떻게 변경하나요?](https://help.sell.smartstore.naver.com/faq/content.help?faqId=14887)\n*   [[풀필먼트] 풀필먼트 정보를 일괄로 변경 할 수 있나요?](https://help.sell.smartstore.naver.com/faq/content.help?faqId=14887)\n*   [[풀필먼트] 상품 목록에서 풀필먼트사는 무엇인가요?](https://help.sell.smartstore.naver.com/faq/content.help?faqId=14887)\n*   [[풀필먼트] 풀필먼트가 설정된 상품만 조회할 수 있나요?](https://help.sell.smartstore.naver.com/faq/content.help?faqId=14887)\n*   [최대할인가 목록에서 노출되는 쿠폰 기준은 어떻게 되나요?](https://help.sell.smartstore.naver.com/faq/content.help?faqId=14887)\n*   [상품상세가 HTML로 자동 변경되었습니다, 왜 그런건가요?](https://help.sell.smartstore.naver.com/faq/content.help?faqId=14887)\n*   [모바일 미리보기에서 등록한 영상 이미지가 노출되지 않습니다. 왜 그런가요?](https://help.sell.smartstore.naver.com/faq/content.help?faqId=14887)\n*   [디지털/가전으로 등록된 카테고리가 배송없음으로 등록/수정이 안돼요.](https://help.sell.smartstore.naver.com/faq/content.help?faqId=14887)\n*   [트래픽이 많이 발생할 수 있는 이벤트(마케팅 등)를 진행해도 문제가 없나요?](https://help.sell.smartstore.naver.com/faq/content.help?faqId=14887)\n*   [상품 일괄수정(변경) 시 '작업중 오류가 발생했습니다.' 메시지가 노출됩니다.](https://help.sell.smartstore.naver.com/faq/content.help?faqId=14887)\n*   [상품을 삭제하려고 하는데 진행되지 않습니다. 왜 그런가요?](https://help.sell.smartstore.naver.com/faq/content.help?faqId=14887)\n*   [[풀필먼트] 물류사에는 재고가 있는데 스마트스토어에는 품절로 보여요.](https://help.sell.smartstore.naver.com/faq/content.help?faqId=14887)\n*   [[풀필먼트] 풀필먼트 이용 시 반품/교환 수거도 물류사를 통해 진행되나요?](https://help.sell.smartstore.naver.com/faq/content.help?faqId=14887)\n*   [품절된 상품이나 주문이 발생하였습니다. 왜 그런가요?](https://help.sell.smartstore.naver.com/faq/content.help?faqId=14887)\n*   [모바일 미리보기없이 원본 그대로 노출하고 싶습니다.](https://help.sell.smartstore.naver.com/faq/content.help?faqId=14887)\n*   [등록한 상품이 네이버쇼핑 등록 Y(노출중단)으로 노출됩니다. 왜 그런가요?](https://help.sell.smartstore.naver.com/faq/content.help?faqId=14887)\n*   [상세 이미지가 다운로드되지 않도록 설정 가능한가요?](https://help.sell.smartstore.naver.com/faq/content.help?faqId=14887)\n*   [[그룹상품] '그룹 설정' 기능은 무엇인가요?](https://help.sell.smartstore.naver.com/faq/content.help?faqId=14887)\n\n그룹 설정이란, 기존 등록된 상품을 그룹상품으로 전환할 수 있는 기능입니다.\n\n**[그룹상품이란?](https://sell.smartstore.naver.com/#/center-notice/detail/100015172)》**\n\n**그룹 설정 방법**\n\n상품 조회/수정 > 전체 상품 조회/수정에서 상품을 선택해 [그룹 설정] 버튼을 클릭해주세요.\n\n[그룹 설정] 버튼 클릭 시 그룹 설정 페이지로 이동되며, 그룹상품 전환에 필요한 그룹상품명 및 판매옵션 정보를 설정해야 합니다.\n\n그룹상품명, 판매옵션 설정 후 [저장하기] 버튼 클릭 시 그룹 설정이 완료됩니다.\n\n![Image 1: %EA%B7%B8%EB%A3%B9%20%EC%A0%84%ED%99%98](https://help.sell.smartstore.naver.com/fpsfiles/ko/202402/3618af9f-4bc4-404d-b7a4-e23f4fe9749d.png)\n\n기존 상품을 그룹상품으로 전환하는 것 뿐만 아니라, 이와 동시에 그룹에 추가하고 싶은 상품을 신규로 등록할 수 있습니다.\n\n'판매옵션 추가' 기능을 통해 판매옵션 목록에 상품을 추가해 신규로 등록해보세요. (신규 상품번호 생성)\n\n![Image 2: %EC%9D%B4%EB%AF%B8%EC%A7%801](https://help.sell.smartstore.naver.com/fpsfiles/ko/202502/d1e1a943-9034-4412-991e-a8a35d5249bd.png)\n\n**그룹 설정 가능 조건**\n\n아래 조건을 모두 만족하는 상품에 한하여 그룹설정이 가능합니다.\n\n- 그룹상품 여부: 그룹상품이 아닌 상품 (이미 그룹상품으로 등록된 상품은 그룹설정이 불가하며, 각 상품은 1개의 그룹에만 포함 가능)\n\n- 카테고리: 동일 카테고리 상품 (최종 카테고리 기준)\n\n- 결제여부: 설정함\n\n- 출고지: 출고지가 국내 또는 해외로 동일한 상품\n\n- 추가상품: (추가상품이 설정된 상품일 경우) 추가상품명이 1개이고 추가상품값이 5개 이하인 상품\n\n- 최소구매수량: 미설정\n\n- 구독 설정: (구독 설정된 상품일 경우) 옵션명별 옵션값이 1개이고 직접입력형 옵션이 미설정된 상품\n\n- 쇼핑윈도 사이트명: (쇼핑윈도 상품일 경우) 동일 사이트명 설정 상품\n\n- 판매상태: 상품의 판매상태가 '판매금지', '승인대기', '승인거부'가 아닌 상품\n\n- 옵션조합 개수: 단독형 옵션, 조합형 옵션, 색상・사이즈 간편옵션이 존재하는 상품의 경우, 하나의 상품에 설정된 옵션의 조합이 200개 미만인 상품\n\n- 옵션명 개수: 단독형 옵션, 조합형 옵션, 색상・사이즈 간편옵션이 존재하는 상품의 경우, '옵션명'의 개수가 3개 이하인 상품\n\n- 특수할인: 라이브할인/원쁠딜할인이 진행 중이지 않은 상품, 또는 진행 중이나 옵션이 설정되지 않은 상품\n\n**기존 그룹에 신규 상품 추가**\n\n기존 상품을 신규 그룹상품으로 설정하는 것 뿐만 아니라,\n\n'그룹상품 수정' 페이지의 '기존 상품 불러오기' 기능을 통해, 기존에 존재하는 그룹상품에 상품을 추가하는 것도 가능합니다.\n\n​\n\n**! 주의.**\n\n**· 기존에 옵션이 2개 이상 등록된 상품을 그룹상품으로 전환할 경우, 각 옵션은 별도의 상품번호를 가진 개별 상품으로 전환됩니다. (기존 상품 하위에 설정된 옵션 정보는 삭제)**\n\n- 그룹상품으로 설정할 옵션은 **'그룹상품 설정 대상 선택' 팝업**에서 선택할 수 있습니다. (단, 직접입력・지점 옵션 제외)\n\n- 선택되지 않은 옵션 정보는 기존 상품에서 사라지니 신중하게 선택해 주세요.\n\n- 옵션이 2개 이상인 상품은 **선택된 옵션 중 첫 번째 옵션에 기존 상품번호가 유지**되며, **기존 주문・인기도・리뷰 데이터도 함께 유지**됩니다.\n\n- 나머지 옵션들은 **새로운 상품으로 생성**되며, **새로운 상품번호가 부여**됩니다.\n\n[**☞ [그룹상품] 옵션이 존재하는 상품을 그룹설정할 경우, 어떤 것을 유의해야 하나요?**](https://help.sell.smartstore.naver.com/faq/content.help?faqId=15757)\n\n****\n\n![Image 3: %EC%9D%B4%EB%AF%B8%EC%A7%801](https://help.sell.smartstore.naver.com/fpsfiles/ko/202502/0ba97a24-98b1-4a43-bb2a-81913c8f98a1.png)\n\n**· 그룹설정 시, '그룹 설정 추천'과 '그룹상품명과 판매옵션 추천'이 제공됩니다.**\n\n- '그룹 설정 추천'은 판매자가 선택한 상품 외, 함께 그룹으로 묶을 만한 상품이 더 있다면 Ai가 추천해주는 기능입니다.\n\n- '그룹상품명과 판매옵션 추천'은 선택한 상품의 정보를 기반으로, 그룹상품명과 판매옵션을 추천하여 자동으로 입력해주는 기능입니다.\n\n- 정식 서비스 오픈 전, 더 나은 서비스 제공을 위해 시험 운영 중인 베타 서비스이므로, 추천 결과가 정확하지 않을 수 있으니 반드시 상세히 확인하며 진행해 주세요.\n\n![Image 4: %EC%9D%B4%EB%AF%B8%EC%A7%801](https://help.sell.smartstore.naver.com/fpsfiles/ko/202502/43cfb2e5-1e3c-455e-a333-fff6655d835a.png)\n\n![Image 5: %EC%9D%B4%EB%AF%B8%EC%A7%802](https://help.sell.smartstore.naver.com/fpsfiles/ko/202502/1460b504-a94b-496b-b32c-f8ec813f40d6.png)\n\n· 그룹 설정 완료 후, 각 상품은 **그룹상품으로 등록된 날짜로부터 30일 이내까지만 그룹 해제가 가능**하며, 30일이 경과된 후에는 그룹 해제가 불가합니다.\n\n**[그룹 해제 정책 자세히 알아보기](https://help.sell.smartstore.naver.com/faq/content.help?faqId=15077)》**\n\n· 단, 상품 자체를 삭제할 경우 해당 상품은 삭제와 동시에 그룹에서 즉시 해제됩니다.\n\n· 30일이 경과된 이후에 부득이하게 그룹 해제가 필요한 경우, 고객센터 [**1:1 문의**](https://help.sell.smartstore.naver.com/mail/form.help)를 통해 접수해 주세요.(상담분류 : 상품관리 > ‘그룹상품 해제 요청‘ 선택)\n\n· 내부 검토를 거쳐 그룹 해제 처리가 진행되며, 내부 정책에 따라 그룹 해제 요청이 반려될 수 있습니다.\n\n**· 판매옵션 수정은 그룹 설정 완료일로부터 30일 경과 시까지 가능합니다.**\n\n· 위 조건에 해당하는 경우, [그룹상품 조회/수정 > 수정 페이지] 에서 판매옵션 수정이 가능합니다.\n\n※ 그룹상품에 속한 상품은 그룹상품 조회/수정 페이지에서만 판매옵션 수정이 가능합니다.\n\n· 30일이 경과된 이후에 부득이하게 판매옵션 수정이 필요한 경우, 고객센터 [**1:1 문의**](https://help.sell.smartstore.naver.com/mail/form.help)를 통해 그룹 해제를 요청해 주세요.\n\n(상담분류 : 상품관리 > ‘그룹상품 해제 요청‘ 선택)\n\n****\n\n**· 그룹상품 전환 시, 상품에 기존 설정된 스마트스토어, 쇼핑윈도 전용상품명이 삭제됩니다.**\n\n- 필요 시 노출채널 > 추가문구를 설정해주세요.\n\n**· 아래 조건을 모두 만족하는 풀필먼트 상품을 그룹 설정 시 물류사 시스템에서 재고 매핑 정보를 상품번호로 반드시 수정해 주세요.**\n\n- CJ대한통운 / 품고 / 파스토 / 아워박스 / 아르고(ARGO)’ 물류사 설정 상품\n\n- 선택형 옵션을 설정한 상품 (조합형 옵션 또는 색상/사이즈 간편입력을 설정한 상품)\n\n· 그룹상품으로 전환 시 상품의 기존 옵션 정보가 모두 삭제되고 옵션이 없는 단일상품으로 변경되기에, 재고 매핑 정보를 ‘옵션 관리코드 → 상품번호’로 별도 수정하지 않을 경우 재고 연동이 불가합니다.\n\n· 재고 매핑 정보 설정 관련 상세 내용은 네이버 풀필먼트 매뉴얼을 참고해주세요.**[네이버 풀필먼트 매뉴얼 바로가기](https://sell.smartstore.naver.com/#/center-notice/detail/100012264)****》**\n\n**· 그룹 설정하고자 하는 상품에 가격비교 사이트가 설정된 경우, 상품 1개에라도 설정된 사이트는 그룹 정보로 자동 입력됩니다.**\n\n- 예시) '네이버쇼핑' 가격비교 사이트 설정 상품 & '에누리' 가격비교 사이트 설정 상품 함께 그룹 설정 -> 그룹 가격비교 사이트 정보로 '네이버쇼핑', '에누리' 모두 설정됨\n\n- 반드시 확인 후 필요할 경우 수정해주세요.\n\n**※ 참고.**\n\n· 운영자에 의해 네이버 쇼핑에서 삭제된 상품을 그룹상품으로 전환할 경우, 해당 상품이 포함된 그룹의 전체 상품이 네이버 쇼핑에 노출되지 않을 수 있습니다.\n\n· 이미 등록된 그룹에 상품을 추가해 그룹상품으로 전환하고 싶은 경우, 상품 조회/수정 > 그룹상품 수정의 '기존 상품 불러오기' 기능을 사용해주세요. [**자세히 알아보기》**](https://help.sell.smartstore.naver.com/faq/content.help?faqId=15651)\n\n****\n\n**온라인으로 배우는 그룹상품 활용 방법**\n\n([☞ 새 창으로 열기](https://bizschool.naver.com/online/course/65265/lecture/1462218))\n\n위 도움말이 도움이 되었나요?\n\n- [x] 별점1점 - [x] 별점2점 - [x] 별점3점 - [x] 별점4점 - [x] 별점5점   도움말에 대한 소중한 의견은 서비스 개선에 큰 도움이 됩니다. 만약, 궁금하신 내용이 있다면 고객센터로 문의주시면 친절히 안내해 드리겠습니다.보내기  \n\n**관련 도움말/키워드**\n    *   [[그룹상품] 어떤 상품을 그룹으로 설정할 수 있나요? (그룹 설정 가능 조건)](https://help.sell.smartstore.naver.com/faq/content.help?faqId=15685)\n    *   [[그룹상품] 옵션이 존재하는 상품을 그룹설정할 경우, 어떤 것을 유의해야 하나요?](https://help.sell.smartstore.naver.com/faq/content.help?faqId=15757)\n\n[도움말 닫기](https://help.sell.smartstore.naver.com/faq/content.help?faqId=14887)\n\n*   [[그룹상품] 옵션이 존재하는 상품을 그룹설정할 경우, 어떤 것을 유의해야 하나요?](https://help.sell.smartstore.naver.com/faq/content.help?faqId=14887)\n*   [상품정보 제공고시 내 '제조국'을 입력하지 않았으나, 표기되고 있습니다. 왜 그런가요?](https://help.sell.smartstore.naver.com/faq/content.help?faqId=14887)\n*   [[그룹상품] 그룹상품 등록 이후 상품을 그룹에서 해제할 수 있나요?](https://help.sell.smartstore.naver.com/faq/content.help?faqId=14887)\n*   [상품 정보 변경 전 장바구니에 담은 후, 상품의 정보가 변동될 시 자동 반영 되나요?](https://help.sell.smartstore.naver.com/faq/content.help?faqId=14887)\n*   [상품 등록/수정 시 오늘출발로 배송유형을 선택하면 배송비 템플릿 추가할 수 없나요?](https://help.sell.smartstore.naver.com/faq/content.help?faqId=14887)\n*   [Npay에서 구매자에게 제공하는 구매적립 혜택에 대해 제외되는 카테고리가 있나요?](https://help.sell.smartstore.naver.com/faq/content.help?faqId=14887)\n*   [상품 상세페이지에 노출되는 'AI구매선호 분석'이 무엇인가요?](https://help.sell.smartstore.naver.com/faq/content.help?faqId=14887)\n*   [상품 상세페이지 내 'AI구매선호분석' 그래프를 노출 또는 미노출 시킬 수 있나요?](https://help.sell.smartstore.naver.com/faq/content.help?faqId=14887)\n*   [[그룹상품] 그룹 설정에서 AI 추천은 어떤 기능을 하나요?](https://help.sell.smartstore.naver.com/faq/content.help?faqId=14887)\n*   [[그룹상품] 기준 상품 선택은 무엇인가요?](https://help.sell.smartstore.naver.com/faq/content.help?faqId=14887)\n*   [[그룹상품] 기존 등록한 그룹에 상품을 추가할 수 있나요?](https://help.sell.smartstore.naver.com/faq/content.help?faqId=14887)\n*   [상품 등록 시 적용한 할인율과 다르게 노출됩니다. 왜 그런가요?](https://help.sell.smartstore.naver.com/faq/content.help?faqId=14887)\n*   [[그룹상품] 색상칩을 상품페이지에 노출시키거나, 노출되지 않도록 설정할 수 있나요?](https://help.sell.smartstore.naver.com/faq/content.help?faqId=14887)\n*   [[그룹상품] 어떤 상품을 그룹으로 설정할 수 있나요? (그룹 설정 가능 조건)](https://help.sell.smartstore.naver.com/faq/content.help?faqId=14887)\n*   [[그룹상품] 그룹상품으로 설정하면 기존에 등록되어 있던 리뷰는 어떻게 되나요?](https://help.sell.smartstore.naver.com/faq/content.help?faqId=14887)\n*   [상품의 전시상태가 \"수정\"으로 노출되는 건 왜 그런가요?](https://help.sell.smartstore.naver.com/faq/content.help?faqId=14887)\n*   [모바일 미리보기에서 등록한 이미지가 노출되지 않습니다. 왜 그런가요?](https://help.sell.smartstore.naver.com/faq/content.help?faqId=14887)\n*   [[그룹상품] 상품명, 부가세,공지사항 등 수정하려고 하나, 활성화되지 않습니다. 왜 그런가요?](https://help.sell.smartstore.naver.com/faq/content.help?faqId=14887)\n*   [[장바구니]버튼이 확인되지 않는 상품이 있습니다. 왜 그런가요?](https://help.sell.smartstore.naver.com/faq/content.help?faqId=14887)\n*   [SKU가 연결된 상품을 그룹설정 시 주의해야할 게 있나요?](https://help.sell.smartstore.naver.com/faq/content.help?faqId=14887)\n*   [자동가격관리 기능은 무엇인가요?](https://help.sell.smartstore.naver.com/faq/content.help?faqId=14887)\n*   [자동가격관리 설정 불가한 조건이 있나요?](https://help.sell.smartstore.naver.com/faq/content.help?faqId=14887)\n*   [자동가격관리 설정이 자동으로 해제되었어요. 왜 그런가요?](https://help.sell.smartstore.naver.com/faq/content.help?faqId=14887)\n*   [자동가격관리 대상 판매자/카테고리가 궁금합니다.](https://help.sell.smartstore.naver.com/faq/content.help?faqId=14887)\n*   [자동가격관리 설정 시 가격이 변경되지 않습니다. 왜 그런가요?](https://help.sell.smartstore.naver.com/faq/content.help?faqId=14887)\n*   [자동가격관리 설정 시 가격 정보는 배송비/쿠폰을 포함하나요?](https://help.sell.smartstore.naver.com/faq/content.help?faqId=14887)\n*   [자동가격관리 설정에서 배송비 기준은 무엇인가요?](https://help.sell.smartstore.naver.com/faq/content.help?faqId=14887)\n*   [자동가격관리 설정 > 변경 범위에서 '추천가' 기준은 무엇인가요?](https://help.sell.smartstore.naver.com/faq/content.help?faqId=14887)\n*   [자동가격관리 설정과 카탈로그 페이지 내 쿠폰 할인가 금액이 다릅니다. 왜 그런가요?](https://help.sell.smartstore.naver.com/faq/content.help?faqId=14887)\n*   [자동가격관리 설정 시 가격이 정상적으로 변경되지 않을 수 있나요?](https://help.sell.smartstore.naver.com/faq/content.help?faqId=14887)\n*   [자동가격관리 설정 후 상품 가격이 자동으로 변경되었는데, 카탈로그에 반영되지 않습니다. 왜 그런가요?](https://help.sell.smartstore.naver.com/faq/content.help?faqId=14887)\n*   [자동가격관리 설정 후 카탈로그 매칭 정보가 변경되면 어떻게 되나요?](https://help.sell.smartstore.naver.com/faq/content.help?faqId=14887)\n*   [[그룹상품] 그룹상품 등록 이후 판매옵션 정보를 수정할 수 있나요?](https://help.sell.smartstore.naver.com/faq/content.help?faqId=14887)\n*   [[그룹상품] 상품목록과 상품상세에서의 색상칩 개수가 다릅니다. 왜 그런가요?](https://help.sell.smartstore.naver.com/faq/content.help?faqId=14887)\n\n*   [이용약관](https://sell.smartstore.naver.com/#/terms/agreement \"새창\")\n*   [전자금융거래 이용약관](https://new-m.pay.naver.com/member/terms-policy/finance \"새창\")\n*   [**개인정보 처리방침**](http://mktg.naver.com/privacy/privacy.html \"새창\")\n*   [청소년 보호정책](http://www.naver.com/policy/youthpolicy.html \"새창\")\n*   [책임의 한계와 법적고지](http://smartstore.naver.com/main/rules/responsibility \"팝업\")\n*   [안전거래가이드](http://ips.smartstore.naver.com/main/rules/safety \"새창\")\n*   [고객센터](https://help.sell.smartstore.naver.com/)\n\n네이버㈜는 결제정보의 중개서비스 또는 통신판매중개시스템의 제공자로서, 통신판매의 당사자가 아니며, 상품의 주문, 배송 및 환불 등과 관련한 의무와 책임은 각 판매자에게 있습니다.\n\n또한 판매자와 구매자간의 직거래에 대하여 당사는 관여하지 않기 때문에 거래에 대해서는 책임을 지지 않습니다.\n\n*   사업자등록번호 : 220-81-62517\n*   통신판매업신고번호 : 제2006-경기성남-0692호\n*   대표이사 : 최수연\n*   [사업자정보확인](https://www.ftc.go.kr/bizCommPop.do?wrkr_no=2208162517 \"새창\")\n*   주소 : 경기도 성남시 분당구 정자일로 95, NAVER 1784 (13561)\n*   전화 : 1588-3819\n*   이메일 : [helpcustomer@naver.com](mailto:helpcustomer@naver.com)\n*   [1:1문의](https://help.sell.smartstore.naver.com/mail/form.help)\n\n[NAVER](http://www.navercorp.com/ko/index.nhn \"새창\")\n\nCopyright © [**NAVER Corp.**](http://www.navercorp.com/ko/index.nhn \"새창\") All rights reserved."
      },
      {
        "platform": "naver",
        "title": "스마트스토어 고객센터",
        "url": "https://help.sell.smartstore.naver.com/index.help",
        "snippet": "스마트스토어 고객센터\n\nNAVER스마트스토어센터\n\n로그인\n\n궁금할 땐 톡톡상담하세요!\n\n톡톡상담\n\n   홈\n       홈\n\n   회원가입\n       신규 회원가입\n       초대로 회원가입\n       아이디/비밀번호 찾기\n       탈퇴/재가입\n       네이버 쇼핑 입점\n       2단계 인증\n\n   상품관리\n       그룹상품 리뷰이동\n       그룹상품 노출 관리\n       상품 조회/수정\n       상품 등록\n       상품 일괄등록\n       카탈로그 가격관리\n       연관상품 관리\n       사진 보관함\n       배송정보 관리\n       템플릿 관리\n       공지사항 관리\n       상품정보 검색품질(SEO)\n       구독 관리\n       상품명 마스터\n       등록 정보 검토\n       검색 순위 진단 [...] 문의/리뷰관리\n       문의 관리\n       고객문의 관리\n       리뷰 관리\n       리뷰이벤트 관리\n       상품상세 블로그글 노출\n       톡톡 상담하기\n       톡톡 쇼핑챗봇/AI FAQ 설정\n\n   스토어관리\n       스마트스토어\n       카테고리 관리\n       쇼핑스토리 관리\n       쇼핑라이브 숏클립 등록\n       기본정보 관리\n       API 관리\n       SNS 설정\n       쇼핑윈도 노출 신청\n       네이버 서비스 연결\n       가격비교 서비스 연결\n\n   혜택/마케팅\n       혜택 등록\n       혜택 조회/수정\n       혜택 리포트\n       포인트 지급관리\n       포인트 지급내역 조회\n       고객등급 관리\n       마케팅 보내기\n       마케팅 이력\n       마케팅 통계\n       AI 마케팅 효과분석\n       마케팅 링크 관리 [...] 이용약관\n   전자금융거래 이용약관\n   개인정보 처리방침\n   청소년 보호정책\n   책임의 한계와 법적고지\n   안전거래가이드\n   고객센터\n\n네이버㈜는 결제정보의 중개서비스 또는 통신판매중개시스템의 제공자로서, 통신판매의 당사자가 아니며, 상품의 주문, 배송 및 환불 등과 관련한 의무와 책임은 각 판매자에게 있습니다.\n\n또한 판매자와 구매자간의 직거래에 대하여 당사는 관여하지 않기 때문에 거래에 대해서는 책임을 지지 않습니다.\n\n   사업자등록번호 : 220-81-62517\n   통신판매업신고번호 : 제2006-경기성남-0692호\n   대표이사 : 최수연\n   사업자정보확인\n   주소 : 경기도 성남시 분당구 정자일로 95, NAVER 1784 (13561)\n   전화 : 1588-3819\n   이메일 : helpcustomer@naver.com\n   1:1문의\n\nNAVER\n\nCopyright © NAVER Corp. All rights reserved.",
        "score": 0.046781633,
        "timestamp": "2025-11-29T05:40:52.852540",
        "raw_content": "스마트스토어 고객센터\n\n===============\n\n[NAVER](http://www.naver.com/ \"NAVER\")[스마트스토어센터](https://sell.smartstore.naver.com/ \"스마트스토어센터\")\n===============================================================================================\n\n[로그인](https://help.sell.smartstore.naver.com/index.help#)\n\n궁금할 땐 톡톡상담하세요!\n\n[톡톡상담](https://help.sell.smartstore.naver.com/index.help#)\n\n*   [홈](https://help.sell.smartstore.naver.com/index.help)\n    *   [홈](https://help.sell.smartstore.naver.com/faq/list.help?categoryId=11082)\n\n*   [회원가입](https://help.sell.smartstore.naver.com/index.help)\n    *   [신규 회원가입](https://help.sell.smartstore.naver.com/faq/list.help?categoryId=535)\n    *   [초대로 회원가입](https://help.sell.smartstore.naver.com/faq/list.help?categoryId=536)\n    *   [아이디/비밀번호 찾기](https://help.sell.smartstore.naver.com/faq/list.help?categoryId=537)\n    *   [탈퇴/재가입](https://help.sell.smartstore.naver.com/faq/list.help?categoryId=538)\n    *   [네이버 쇼핑 입점](https://help.sell.smartstore.naver.com/faq/list.help?categoryId=539)\n    *   [2단계 인증](https://help.sell.smartstore.naver.com/faq/list.help?categoryId=924)\n\n*   [상품관리](https://help.sell.smartstore.naver.com/index.help)\n    *   [그룹상품 리뷰이동](https://help.sell.smartstore.naver.com/faq/list.help?categoryId=11086)\n    *   [그룹상품 노출 관리](https://help.sell.smartstore.naver.com/faq/list.help?categoryId=11126)\n    *   [상품 조회/수정](https://help.sell.smartstore.naver.com/faq/list.help?categoryId=540)\n    *   [상품 등록](https://help.sell.smartstore.naver.com/faq/list.help?categoryId=541)\n    *   [상품 일괄등록](https://help.sell.smartstore.naver.com/faq/list.help?categoryId=542)\n    *   [카탈로그 가격관리](https://help.sell.smartstore.naver.com/faq/list.help?categoryId=848)\n    *   [연관상품 관리](https://help.sell.smartstore.naver.com/faq/list.help?categoryId=649)\n    *   [사진 보관함](https://help.sell.smartstore.naver.com/faq/list.help?categoryId=543)\n    *   [배송정보 관리](https://help.sell.smartstore.naver.com/faq/list.help?categoryId=544)\n    *   [템플릿 관리](https://help.sell.smartstore.naver.com/faq/list.help?categoryId=545)\n    *   [공지사항 관리](https://help.sell.smartstore.naver.com/faq/list.help?categoryId=546)\n    *   [상품정보 검색품질(SEO)](https://help.sell.smartstore.naver.com/faq/list.help?categoryId=811)\n    *   [구독 관리](https://help.sell.smartstore.naver.com/faq/list.help?categoryId=1006)\n    *   [상품명 마스터](https://help.sell.smartstore.naver.com/faq/list.help?categoryId=10931)\n    *   [등록 정보 검토](https://help.sell.smartstore.naver.com/faq/list.help?categoryId=11139)\n    *   [검색 순위 진단](https://help.sell.smartstore.naver.com/faq/list.help?categoryId=11140)\n\n*   [쇼핑윈도관리](https://help.sell.smartstore.naver.com/index.help)\n    *   [쇼핑윈도 상품 조회/수정](https://help.sell.smartstore.naver.com/faq/list.help?categoryId=547)\n    *   [쇼핑윈도 상품 불러오기](https://help.sell.smartstore.naver.com/faq/list.help?categoryId=548)\n    *   [쇼핑윈도 소식 관리](https://help.sell.smartstore.naver.com/faq/list.help?categoryId=549)\n    *   [쇼핑윈도 스토어 관리](https://help.sell.smartstore.naver.com/faq/list.help?categoryId=551)\n\n*   [판매관리](https://help.sell.smartstore.naver.com/index.help)\n    *   [주문통합검색](https://help.sell.smartstore.naver.com/faq/list.help?categoryId=791)\n    *   [선물 수락대기](https://help.sell.smartstore.naver.com/faq/list.help?categoryId=558)\n    *   [미결제확인](https://help.sell.smartstore.naver.com/faq/list.help?categoryId=559)\n    *   [발주(주문)확인/발송관리](https://help.sell.smartstore.naver.com/faq/list.help?categoryId=560)\n    *   [배송현황 관리](https://help.sell.smartstore.naver.com/faq/list.help?categoryId=561)\n    *   [구매확정 내역](https://help.sell.smartstore.naver.com/faq/list.help?categoryId=562)\n    *   [취소 관리](https://help.sell.smartstore.naver.com/faq/list.help?categoryId=563)\n    *   [반품 관리](https://help.sell.smartstore.naver.com/faq/list.help?categoryId=564)\n    *   [교환 관리](https://help.sell.smartstore.naver.com/faq/list.help?categoryId=565)\n    *   [판매방해 고객관리](https://help.sell.smartstore.naver.com/faq/list.help?categoryId=837)\n    *   [반품안심케어](https://help.sell.smartstore.naver.com/faq/list.help?categoryId=10776)\n\n*   [정산관리](https://help.sell.smartstore.naver.com/index.help)\n    *   [정산 내역 (일별/건별)](https://help.sell.smartstore.naver.com/faq/list.help?categoryId=566)\n    *   [항목별 정산 내역](https://help.sell.smartstore.naver.com/faq/list.help?categoryId=567)\n    *   [빠른정산](https://help.sell.smartstore.naver.com/faq/list.help?categoryId=932)\n    *   [부가세신고 내역](https://help.sell.smartstore.naver.com/faq/list.help?categoryId=568)\n    *   [세금계산서 조회](https://help.sell.smartstore.naver.com/faq/list.help?categoryId=569)\n    *   [비즈월렛 관리](https://help.sell.smartstore.naver.com/faq/list.help?categoryId=570)\n    *   [통합 정산내역](https://help.sell.smartstore.naver.com/faq/list.help?categoryId=571)\n    *   [중소상공인수수료전반](https://help.sell.smartstore.naver.com/faq/list.help?categoryId=840)\n    *   [초보판매자 정산가이드](https://help.sell.smartstore.naver.com/faq/list.help?categoryId=10809)\n    *   [우대수수료 환급내역](https://help.sell.smartstore.naver.com/faq/list.help?categoryId=10867)\n    *   [매출연동수수료](https://help.sell.smartstore.naver.com/faq/list.help?categoryId=11033)\n\n*   [문의/리뷰관리](https://help.sell.smartstore.naver.com/index.help)\n    *   [문의 관리](https://help.sell.smartstore.naver.com/faq/list.help?categoryId=574)\n    *   [고객문의 관리](https://help.sell.smartstore.naver.com/faq/list.help?categoryId=575)\n    *   [리뷰 관리](https://help.sell.smartstore.naver.com/faq/list.help?categoryId=576)\n    *   [리뷰이벤트 관리](https://help.sell.smartstore.naver.com/faq/list.help?categoryId=857)\n    *   [상품상세 블로그글 노출](https://help.sell.smartstore.naver.com/faq/list.help?categoryId=10953)\n    *   [톡톡 상담하기](https://help.sell.smartstore.naver.com/faq/list.help?categoryId=10763)\n    *   [톡톡 쇼핑챗봇/AI FAQ 설정](https://help.sell.smartstore.naver.com/faq/list.help?categoryId=10764)\n\n*   [스토어관리](https://help.sell.smartstore.naver.com/index.help)\n    *   [스마트스토어](https://help.sell.smartstore.naver.com/faq/list.help?categoryId=577)\n    *   [카테고리 관리](https://help.sell.smartstore.naver.com/faq/list.help?categoryId=579)\n    *   [쇼핑스토리 관리](https://help.sell.smartstore.naver.com/faq/list.help?categoryId=652)\n    *   [쇼핑라이브 숏클립 등록](https://help.sell.smartstore.naver.com/faq/list.help?categoryId=10731)\n    *   [기본정보 관리](https://help.sell.smartstore.naver.com/faq/list.help?categoryId=580)\n    *   [API 관리](https://help.sell.smartstore.naver.com/faq/list.help?categoryId=10954)\n    *   [SNS 설정](https://help.sell.smartstore.naver.com/faq/list.help?categoryId=10965)\n    *   [쇼핑윈도 노출 신청](https://help.sell.smartstore.naver.com/faq/list.help?categoryId=844)\n    *   [네이버 서비스 연결](https://help.sell.smartstore.naver.com/faq/list.help?categoryId=847)\n    *   [가격비교 서비스 연결](https://help.sell.smartstore.naver.com/faq/list.help?categoryId=10967)\n\n*   [혜택/마케팅](https://help.sell.smartstore.naver.com/index.help)\n    *   [혜택 등록](https://help.sell.smartstore.naver.com/faq/list.help?categoryId=608)\n    *   [혜택 조회/수정](https://help.sell.smartstore.naver.com/faq/list.help?categoryId=663)\n    *   [혜택 리포트](https://help.sell.smartstore.naver.com/faq/list.help?categoryId=609)\n    *   [포인트 지급관리](https://help.sell.smartstore.naver.com/faq/list.help?categoryId=10864)\n    *   [포인트 지급내역 조회](https://help.sell.smartstore.naver.com/faq/list.help?categoryId=799)\n    *   [고객등급 관리](https://help.sell.smartstore.naver.com/faq/list.help?categoryId=819)\n    *   [마케팅 보내기](https://help.sell.smartstore.naver.com/faq/list.help?categoryId=918)\n    *   [마케팅 이력](https://help.sell.smartstore.naver.com/faq/list.help?categoryId=919)\n    *   [마케팅 통계](https://help.sell.smartstore.naver.com/faq/list.help?categoryId=10728)\n    *   [AI 마케팅 효과분석](https://help.sell.smartstore.naver.com/faq/list.help?categoryId=10907)\n    *   [마케팅 링크 관리](https://help.sell.smartstore.naver.com/faq/list.help?categoryId=11058)\n\n*   [브랜드 혜택/마케팅](https://help.sell.smartstore.naver.com/index.help)\n    *   [고객군 마케팅](https://help.sell.smartstore.naver.com/faq/list.help?categoryId=10928)\n    *   [타겟팅 성과분석](https://help.sell.smartstore.naver.com/faq/list.help?categoryId=10929)\n    *   [라운지 노출 관리](https://help.sell.smartstore.naver.com/faq/list.help?categoryId=10877)\n    *   [라운지 가입 관리](https://help.sell.smartstore.naver.com/faq/list.help?categoryId=10878)\n    *   [추가 수집 항목 관리](https://help.sell.smartstore.naver.com/faq/list.help?categoryId=10879)\n    *   [라운지 멤버 관리](https://help.sell.smartstore.naver.com/faq/list.help?categoryId=10880)\n    *   [라운지 스토리 관리](https://help.sell.smartstore.naver.com/faq/list.help?categoryId=10881)\n    *   [라운지 통계](https://help.sell.smartstore.naver.com/faq/list.help?categoryId=10993)\n\n*   [커머스솔루션](https://help.sell.smartstore.naver.com/index.help)\n    *   [솔루션 목록](https://help.sell.smartstore.naver.com/faq/list.help?categoryId=10768)\n    *   [소비자조사](https://help.sell.smartstore.naver.com/faq/list.help?categoryId=10900)\n    *   [Quick 모니터링 관리](https://help.sell.smartstore.naver.com/faq/list.help?categoryId=10902)\n    *   [쇼핑 커넥트](https://help.sell.smartstore.naver.com/faq/list.help?categoryId=11057)\n\n*   [데이터 분석](https://help.sell.smartstore.naver.com/index.help)\n    *   [프로모션 진단](https://help.sell.smartstore.naver.com/faq/list.help?categoryId=11127)\n    *   [스토어분석](https://help.sell.smartstore.naver.com/faq/list.help?categoryId=11083)\n    *   [요약](https://help.sell.smartstore.naver.com/faq/list.help?categoryId=806)\n    *   [판매분석](https://help.sell.smartstore.naver.com/faq/list.help?categoryId=807)\n    *   [마케팅분석](https://help.sell.smartstore.naver.com/faq/list.help?categoryId=808)\n    *   [쇼핑행동분석](https://help.sell.smartstore.naver.com/faq/list.help?categoryId=809)\n    *   [시장벤치마크](https://help.sell.smartstore.naver.com/faq/list.help?categoryId=810)\n    *   [판매성과예측](https://help.sell.smartstore.naver.com/faq/list.help?categoryId=871)\n    *   [고객현황](https://help.sell.smartstore.naver.com/faq/list.help?categoryId=627)\n    *   [재구매 통계](https://help.sell.smartstore.naver.com/faq/list.help?categoryId=800)\n\n*   [광고관리](https://help.sell.smartstore.naver.com/index.help)\n    *   [쇼핑버티컬광고](https://help.sell.smartstore.naver.com/faq/list.help?categoryId=10946)\n    *   [CRM 마케팅 타겟 광고](https://help.sell.smartstore.naver.com/faq/list.help?categoryId=11024)\n\n*   [프로모션 관리](https://help.sell.smartstore.naver.com/index.help)\n    *   [기획전 관리](https://help.sell.smartstore.naver.com/faq/list.help?categoryId=845)\n    *   [참여형 프로모션 관리](https://help.sell.smartstore.naver.com/faq/list.help?categoryId=11061)\n    *   [미스터](https://help.sell.smartstore.naver.com/faq/list.help?categoryId=927)\n\n*   [N배송 관리](https://help.sell.smartstore.naver.com/index.help)\n    *   [N배송 프로그램](https://help.sell.smartstore.naver.com/faq/list.help?categoryId=10834)\n    *   [N배송 신청하기](https://help.sell.smartstore.naver.com/faq/list.help?categoryId=1005)\n    *   [N배송 재고관리](https://help.sell.smartstore.naver.com/faq/list.help?categoryId=11054)\n    *   [N배송 입고관리](https://help.sell.smartstore.naver.com/faq/list.help?categoryId=11116)\n    *   [N배송 리포트관리](https://help.sell.smartstore.naver.com/faq/list.help?categoryId=11102)\n    *   [물류비 청구내역](https://help.sell.smartstore.naver.com/faq/list.help?categoryId=11103)\n    *   [풀필먼트 주문 조회](https://help.sell.smartstore.naver.com/faq/list.help?categoryId=10942)\n    *   [N판매자배송 신청](https://help.sell.smartstore.naver.com/faq/list.help?categoryId=10986)\n    *   [N판매자배송 운영](https://help.sell.smartstore.naver.com/faq/list.help?categoryId=10985)\n    *   [판매자 창고 운영](https://help.sell.smartstore.naver.com/faq/list.help?categoryId=10944)\n\n*   [판매자 정보](https://help.sell.smartstore.naver.com/index.help)\n    *   [내정보](https://help.sell.smartstore.naver.com/faq/list.help?categoryId=581)\n    *   [판매자 정보](https://help.sell.smartstore.naver.com/faq/list.help?categoryId=582)\n    *   [매니저 관리](https://help.sell.smartstore.naver.com/faq/list.help?categoryId=10727)\n    *   [판매자 등급](https://help.sell.smartstore.naver.com/faq/list.help?categoryId=611)\n    *   [정보 변경 신청](https://help.sell.smartstore.naver.com/faq/list.help?categoryId=583)\n    *   [양도양수](https://help.sell.smartstore.naver.com/faq/list.help?categoryId=922)\n    *   [사업자 전환](https://help.sell.smartstore.naver.com/faq/list.help?categoryId=584)\n    *   [상품판매권한 신청](https://help.sell.smartstore.naver.com/faq/list.help?categoryId=855)\n    *   [고객확인제도](https://help.sell.smartstore.naver.com/faq/list.help?categoryId=923)\n    *   [심사내역 조회](https://help.sell.smartstore.naver.com/faq/list.help?categoryId=10726)\n    *   [판매자 지원 프로그램](https://help.sell.smartstore.naver.com/faq/list.help?categoryId=10711)\n    *   [성장 마일리지](https://help.sell.smartstore.naver.com/faq/list.help?categoryId=11091)\n    *   [굿서비스 점수](https://help.sell.smartstore.naver.com/faq/list.help?categoryId=11125)\n\n*   [공지사항](https://help.sell.smartstore.naver.com/index.help)\n    *   [공지사항](https://help.sell.smartstore.naver.com/faq/list.help?categoryId=10730)\n\n*   [공통/기타](https://help.sell.smartstore.naver.com/index.help)\n    *   [판매자센터 기본 이용방법](https://help.sell.smartstore.naver.com/faq/list.help?categoryId=586)\n    *   [스마트스토어센터 알림](https://help.sell.smartstore.naver.com/faq/list.help?categoryId=868)\n    *   [쇼핑라이브](https://help.sell.smartstore.naver.com/faq/list.help?categoryId=883)\n    *   [사장님 보험](https://help.sell.smartstore.naver.com/faq/list.help?categoryId=933)\n    *   [스마트스토어 사업자 대출](https://help.sell.smartstore.naver.com/faq/list.help?categoryId=934)\n    *   [사업자대출 대출안심케어](https://help.sell.smartstore.naver.com/faq/list.help?categoryId=989)\n    *   [정책지원금](https://help.sell.smartstore.naver.com/faq/list.help?categoryId=10769)\n    *   [스마트플레이스 사업자 대출](https://help.sell.smartstore.naver.com/faq/list.help?categoryId=10782)\n    *   [커머스API센터](https://help.sell.smartstore.naver.com/faq/list.help?categoryId=10783)\n    *   [네이버페이 마이비즈](https://help.sell.smartstore.naver.com/faq/list.help?categoryId=10787)\n    *   [스마트스토어 보증서 대출](https://help.sell.smartstore.naver.com/faq/list.help?categoryId=10909)\n    *   [API데이터솔루션(통계)](https://help.sell.smartstore.naver.com/faq/list.help?categoryId=10943)\n    *   [안전거래 정책](https://help.sell.smartstore.naver.com/faq/list.help?categoryId=10979)\n\n*   [1:1 문의하기](https://help.sell.smartstore.naver.com/mail/form.help)\n*   [1:1 문의내역](https://help.sell.smartstore.naver.com/mail/history.help)\n*   [신고하기](https://help.sell.smartstore.naver.com/mail/form.help?alias=shopn_accuse)\n*   [원격지원서비스](http://61.247.209.91/users/main/join.html)\n\n[스마트스토어센터 _사용자 매뉴얼_](https://sell.smartstore.naver.com/#/center-notice/list/MANUAL)\n\n[좌측 내비게이션 숨기기](https://help.sell.smartstore.naver.com/index.help#)\n\n고객센터\n----\n\n**FAQ**\n\n[전체](https://help.sell.smartstore.naver.com/index.help)\n*   [전체](https://help.sell.smartstore.naver.com/index.help)\n*   [홈](https://help.sell.smartstore.naver.com/index.help)\n*   [회원가입](https://help.sell.smartstore.naver.com/index.help)\n*   [상품관리](https://help.sell.smartstore.naver.com/index.help)\n*   [쇼핑윈도관리](https://help.sell.smartstore.naver.com/index.help)\n*   [판매관리](https://help.sell.smartstore.naver.com/index.help)\n*   [정산관리](https://help.sell.smartstore.naver.com/index.help)\n*   [문의/리뷰관리](https://help.sell.smartstore.naver.com/index.help)\n*   [스토어관리](https://help.sell.smartstore.naver.com/index.help)\n*   [혜택/마케팅](https://help.sell.smartstore.naver.com/index.help)\n*   [브랜드 혜택/마케팅](https://help.sell.smartstore.naver.com/index.help)\n*   [커머스솔루션](https://help.sell.smartstore.naver.com/index.help)\n*   [데이터 분석](https://help.sell.smartstore.naver.com/index.help)\n*   [광고관리](https://help.sell.smartstore.naver.com/index.help)\n*   [프로모션 관리](https://help.sell.smartstore.naver.com/index.help)\n*   [N배송 관리](https://help.sell.smartstore.naver.com/index.help)\n*   [판매자 정보](https://help.sell.smartstore.naver.com/index.help)\n*   [공지사항](https://help.sell.smartstore.naver.com/index.help)\n*   [공통/기타](https://help.sell.smartstore.naver.com/index.help)\n\n검색어 입력 0/100\n\n[검색](https://help.sell.smartstore.naver.com/index.help#)\n\n자동완성 켜기 자동완성 끄기 닫기\n\n*   [자주 묻는 질문](https://help.sell.smartstore.naver.com/index.help#)\n*   [★ 메뉴 활용 방법](https://help.sell.smartstore.naver.com/index.help#)\n*   [2단계 인증](https://help.sell.smartstore.naver.com/index.help#)\n*   [가입 절차](https://help.sell.smartstore.naver.com/index.help#)\n*   [고객확인제도](https://help.sell.smartstore.naver.com/index.help#)\n*   [수수료의 종류](https://help.sell.smartstore.naver.com/index.help#)\n*   [상품등록](https://help.sell.smartstore.naver.com/index.help#)\n*   [발송처리](https://help.sell.smartstore.naver.com/index.help#)\n*   [자동 구매확정](https://help.sell.smartstore.naver.com/index.help#)\n*   [부가세신고](https://help.sell.smartstore.naver.com/index.help#)\n\n### 자주 찾는 도움말\n\n*   [휴가, 연휴 등의 공지는 어떻게 해야 하나요?](https://help.sell.smartstore.naver.com/index.help)\n*   [★ '상품 등록' 관련 자주 묻는 질문](https://help.sell.smartstore.naver.com/index.help)\n*   [★ '상품 조회/수정' 관련 자주 묻는 질문](https://help.sell.smartstore.naver.com/index.help)\n*   [스토어 가입 승인 완료 후, \"현재 운영되고 있지 않습니다.\"라고 노출됩니다.](https://help.sell.smartstore.naver.com/index.help)\n*   [[2단계 인증] 2단계 인증 수단 변경은 어떻게 하나요?](https://help.sell.smartstore.naver.com/index.help)\n*   [[정산관리] 수수료의 종류](https://help.sell.smartstore.naver.com/index.help)\n*   [[발주(주문)확인/발송관리] 주문건의 발송기한(배송기한)](https://help.sell.smartstore.naver.com/index.help)\n*   [[정산관리] 정산 시기 (정산내역 조회방법)](https://help.sell.smartstore.naver.com/index.help)\n*   [★ 반품요청건 처리 방법](https://help.sell.smartstore.naver.com/index.help)\n*   [판매자 등급의 판매건수, 판매금액 산정 기준이 어떻게 되나요?](https://help.sell.smartstore.naver.com/index.help)\n\n### 공지사항\n\n[더보기](https://sell.smartstore.naver.com/#/center-notice/list/)\n공지사항 목록| 제목 | 등록일 |\n| --- | --- |\n| _일반_[검색 품질 개선을 위한 모음전 상품 운영 정책 안내](https://sell.smartstore.naver.com/#/center-notice/detail/200000145) | 2025.11.28 |\n| _판매 TIP_[스마트스토어 25년 3분기 개편소식! 새로운 기능과 꿀팁을 확인해 보세요!](https://sell.smartstore.naver.com/#/center-notice/detail/200000135) | 2025.11.26 |\n| _일반_[멤버십 무료교환반품 관련 비용 지원정책 변경 안내](https://sell.smartstore.naver.com/#/center-notice/detail/200000134) | 2025.11.26 |\n| _위해정보_[[Zigjoy 브랜드 Zigjoy Toddler Sleep Sacks with Feet 유아용 잠옷 일부 제품 리콜 사항]](https://sell.smartstore.naver.com/#/center-notice/detail/200000130) | 2025.11.26 |\n| _위해정보_[[BlendJet 브랜드 BlendJet2 가정용 블렌더 일부 제품 리콜 사항]](https://sell.smartstore.naver.com/#/center-notice/detail/200000129) | 2025.11.26 |\n| _D-커머스_[[모집] '트렌디한 클립 콘텐츠 제작 노하우' 교육 신청 안내](https://sell.smartstore.naver.com/#/center-notice/detail/200000127) | 2025.11.26 |\n| _일반_[N배송 신청하기 화면 개편 안내](https://sell.smartstore.naver.com/#/center-notice/detail/200000124) | 2025.11.25 |\n| _위해정보_[[AMBI 브랜드 Facial moisturizer with sunscreen - SFP 30 Even & Clear 자외선 차단제 일부 제품 리콜 사항]](https://sell.smartstore.naver.com/#/center-notice/detail/200000122) | 2025.11.25 |\n| _위해정보_[[AMBI 브랜드 Under Eye Serum Even & Clear 15ml 에센스, 오일 일부 제품 리콜 사항]](https://sell.smartstore.naver.com/#/center-notice/detail/200000121) | 2025.11.25 |\n| _시스템_[2025.11.25 굿스플로 송장출력(롯데택배) 오류 안내](https://sell.smartstore.naver.com/#/center-notice/detail/200000118) | 2025.11.25 |\n\n*   [이용약관](https://sell.smartstore.naver.com/#/terms/agreement \"새창\")\n*   [전자금융거래 이용약관](https://new-m.pay.naver.com/member/terms-policy/finance \"새창\")\n*   [**개인정보 처리방침**](http://mktg.naver.com/privacy/privacy.html \"새창\")\n*   [청소년 보호정책](http://www.naver.com/policy/youthpolicy.html \"새창\")\n*   [책임의 한계와 법적고지](http://smartstore.naver.com/main/rules/responsibility \"팝업\")\n*   [안전거래가이드](http://ips.smartstore.naver.com/main/rules/safety \"새창\")\n*   [고객센터](https://help.sell.smartstore.naver.com/)\n\n네이버㈜는 결제정보의 중개서비스 또는 통신판매중개시스템의 제공자로서, 통신판매의 당사자가 아니며, 상품의 주문, 배송 및 환불 등과 관련한 의무와 책임은 각 판매자에게 있습니다.\n\n또한 판매자와 구매자간의 직거래에 대하여 당사는 관여하지 않기 때문에 거래에 대해서는 책임을 지지 않습니다.\n\n*   사업자등록번호 : 220-81-62517\n*   통신판매업신고번호 : 제2006-경기성남-0692호\n*   대표이사 : 최수연\n*   [사업자정보확인](https://www.ftc.go.kr/bizCommPop.do?wrkr_no=2208162517 \"새창\")\n*   주소 : 경기도 성남시 분당구 정자일로 95, NAVER 1784 (13561)\n*   전화 : 1588-3819\n*   이메일 : [helpcustomer@naver.com](mailto:helpcustomer@naver.com)\n*   [1:1문의](https://help.sell.smartstore.naver.com/mail/form.help)\n\n[NAVER](http://www.navercorp.com/ko/index.nhn \"새창\")\n\nCopyright © [**NAVER Corp.**](http://www.navercorp.com/ko/index.nhn \"새창\") All rights reserved."
      },
      {
        "platform": "naver",
        "title": "고객센터 - 스마트스토어",
        "url": "https://help.sell.smartstore.naver.com/faq/content.help?faqId=3701",
        "snippet": "# NAVER 스마트스토어센터\n\n궁금할 땐 톡톡상담하세요!\n\n스마트스토어센터 사용자 매뉴얼\n\n## 고객센터\n\n### 비즈월렛 관리\n\nNpay 비즈월렛은 판매대금을 정산 받을 수 있는 예치금이며 판매자님이 직접 충전하여 네이버 제공 서비스 \n\n(ex. 네이버쇼핑 충전금, 커머스솔루션 등)에서 사용 하실 수 있는 수단입니다.\n\n[비즈월렛 정산 잔액]\n\n정산대금수령방법을 Npay 비즈월렛으로 설정하거나, 마이너스 정산액이 발생하는 등 정산액이 비즈월렛으로 지급되는 경우 '비즈월렛 정산 잔액' 으로 관리\n\n[비즈월렛 충전 머니]\n\n- 판매자가 Npay 간편결제, 신용/체크카드, 무통장입금 등으로 충전한 금액은 '비즈월렛 충전 머니'로 충전.\n\n- '비즈월렛 충전 머니'는 비즈월렛 연결계좌 등록 시 최대 200만원, 비즈월렛 연결계좌 미등록 시 최대 50만원까지 보유 [...] ·Npay 비즈월렛에 대한 결제, 충전, 출금된 내역은 정산관리 > 비즈월렛 관리 ​> [내역 조회​] 메뉴에서 확인하실 수 있습니다. ​ \n\n· 비즈월렛은 정산대금 입금계좌로 출금 및 네이버쇼핑 충전금으로 전환하여 부가 광고를 구매할 수 있습니다.\n\n비즈월렛 출금신청 바로가기》\n\n네이버쇼핑 충전금 바로 가기》\n\n위 도움말이 도움이 되었나요?\n\n네이버㈜는 결제정보의 중개서비스 또는 통신판매중개시스템의 제공자로서, 통신판매의 당사자가 아니며, 상품의 주문, 배송 및 환불 등과 관련한 의무와 책임은 각 판매자에게 있습니다.  \n또한 판매자와 구매자간의 직거래에 대하여 당사는 관여하지 않기 때문에 거래에 대해서는 책임을 지지 않습니다.\n\nNAVER [...] - '비즈월렛 충전 머니'는 비즈월렛 연결계좌 등록 시 1회 최대 200만원,  비즈월렛 연결계좌 미등록 시 1회 최대 50만원까지 사용\n\n[비즈월렛 포인트]\n\n- 판매자를 대상으로 진행하는 이벤트/프로모션 등을 통해 적립되는 금액으로 '비즈월렛 포인트' 로 관리\n\n- '비즈월렛 포인트'는 비즈월렛 연결계좌 등록 시 1회 최대 200만원,  비즈월렛 연결계좌 미등록 시 1회 최대 50만원까지 사용\n\n          \n\nNpay 비즈월렛이 발생되는 케이스\n\n1) 정산대금수령방법을 Npay 비즈월렛으로 설정했을 경우\n\n2) 개인판매회원 첫 정산 및 \"주민등록번호 수집 동의\" 이전 상태일 경우\n\n3) 마이너스 정산액이 발생했을 경우\n\n4) 판매자가 직접 비즈월렛을 충전했을 경우\n\n5) 정산이체 실패가 발생했을 경우  \n\n6) 계정이 이용정지된 경우   \n7) 이벤트/프로모션 등으로 비즈월렛이 적립되는 경우\n\n          \n\n※ 참고.",
        "score": 0.032152396,
        "timestamp": "2025-11-29T05:40:52.852542",
        "raw_content": "# [NAVER](http://www.naver.com \"NAVER\") [스마트스토어센터](https://sell.smartstore.naver.com \"스마트스토어센터\")\n\n궁금할 땐 톡톡상담하세요!\n\n[스마트스토어센터 *사용자 매뉴얼*](https://sell.smartstore.naver.com/#/center-notice/list/MANUAL)\n\n## 고객센터\n\n### 비즈월렛 관리\n\nNpay 비즈월렛은 판매대금을 정산 받을 수 있는 예치금이며 판매자님이 직접 충전하여 네이버 제공 서비스 \n\n(ex. 네이버쇼핑 충전금, 커머스솔루션 등)에서 사용 하실 수 있는 수단입니다.\n\n**[비즈월렛 정산 잔액]**\n\n정산대금수령방법을 Npay 비즈월렛으로 설정하거나, 마이너스 정산액이 발생하는 등 정산액이 비즈월렛으로 지급되는 경우 '비즈월렛 정산 잔액' 으로 관리\n\n**[비즈월렛 충전 머니]**\n\n- 판매자가 Npay 간편결제, 신용/체크카드, 무통장입금 등으로 충전한 금액은 '비즈월렛 충전 머니'로 충전.\n\n- '비즈월렛 충전 머니'는 비즈월렛 연결계좌 등록 시 최대 200만원, 비즈월렛 연결계좌 미등록 시 최대 50만원까지 보유\n\n- '비즈월렛 충전 머니'는 비즈월렛 연결계좌 등록 시 1회 최대 200만원,  비즈월렛 연결계좌 미등록 시 1회 최대 50만원까지 사용\n\n**[비즈월렛 포인트]**\n\n- 판매자를 대상으로 진행하는 이벤트/프로모션 등을 통해 적립되는 금액으로 '비즈월렛 포인트' 로 관리\n\n- '비즈월렛 포인트'는 비즈월렛 연결계좌 등록 시 1회 최대 200만원,  비즈월렛 연결계좌 미등록 시 1회 최대 50만원까지 사용\n\n          \n\n**Npay 비즈월렛이 발생되는 케이스**\n\n1) 정산대금수령방법을 Npay 비즈월렛으로 설정했을 경우\n\n2) 개인판매회원 첫 정산 및 \"주민등록번호 수집 동의\" 이전 상태일 경우\n\n3) 마이너스 정산액이 발생했을 경우\n\n4) 판매자가 직접 비즈월렛을 충전했을 경우\n\n5) 정산이체 실패가 발생했을 경우  \n\n6) 계정이 이용정지된 경우   \n7) 이벤트/프로모션 등으로 비즈월렛이 적립되는 경우\n\n          \n\n**※ 참고.**\n\n**·**Npay 비즈월렛에 대한 결제, 충전, 출금된 내역은 [정산관리 > 비즈월렛 관리 **​**> [**내역 조회**](https://sell.smartstore.naver.com/b/v3/charge)​] 메뉴에서 확인하실 수 있습니다. **​** \n\n· 비즈월렛은 정산대금 입금계좌로 출금 및 네이버쇼핑 충전금으로 전환하여 부가 광고를 구매할 수 있습니다.\n\n**[비즈월렛 출금신청 바로가기](https://sell.smartstore.naver.com/b/v3/charge/withdraw/new)》**\n\n**[네이버쇼핑 충전금 바로 가기](https://adcenter.shopping.naver.com/frame/account/charge/main.nhn)****》**\n\n위 도움말이 도움이 되었나요?\n\n네이버㈜는 결제정보의 중개서비스 또는 통신판매중개시스템의 제공자로서, 통신판매의 당사자가 아니며, 상품의 주문, 배송 및 환불 등과 관련한 의무와 책임은 각 판매자에게 있습니다.  \n또한 판매자와 구매자간의 직거래에 대하여 당사는 관여하지 않기 때문에 거래에 대해서는 책임을 지지 않습니다.\n\n[NAVER](http://www.navercorp.com/ko/index.nhn \"새창\")"
      },
      {
        "platform": "naver",
        "title": "네이버 스마트스토어센터",
        "url": "https://sell.smartstore.naver.com/",
        "snippet": "누구나 쉽고 편리하게 만드는 스마트스토어에서 내 가게를 만들어보세요.",
        "score": 0.029762978,
        "timestamp": "2025-11-29T05:40:52.852545",
        "raw_content": null
      },
      {
        "platform": "naver",
        "title": "스마트스토어 고객센터",
        "url": "https://help.sell.smartstore.naver.com/",
        "snippet": "홈 회원가입 상품관리 쇼핑윈도관리 판매관리 정산관리 문의/리뷰관리 스토어관리 혜택/마케팅 브랜드 혜택/마케팅 커머스솔루션 데이터 분석 광고관리 프로모션 관리 N배송 관리 판매자 정보 공지사항 공통/기타 1:1 문의하기 1:1 문의내역 신고하기 원격지원서비스",
        "score": 0.026377967,
        "timestamp": "2025-11-29T05:40:52.852548",
        "raw_content": null
      },
      {
        "platform": "coupang",
        "title": "쿠팡이 추천하는 스테이크용 안심 관련 혜택과 특가",
        "url": "https://www.coupang.com/np/search?q=%EC%8A%A4%ED%85%8C%EC%9D%B4%ED%81%AC%EC%9A%A9%20%EC%95%88%EC%8B%AC",
        "snippet": "[![Image 133: [직배송/택배배송 KG당 단가상품] 코스트코 미국산 소고기 안심 스테이크용, 1개, 1.16kg]( [직배송/택배배송 KG당 단가상품] 코스트코 미국산 소고기 안심 스테이크용, 1개, 1.16kg 130,800원(100g당 11,276원) 4 (14)]( \"[직배송/택배배송 KG당 단가상품] 코스트코 미국산 소고기 안심 스테이크용, 1개, 1.16kg\")\n   [![Image 134: [마블플러스] 뉴질랜드 안심 원육 자연방목 목초사육 캠핑용 가정용 홈파티용, 1개]( [마블플러스] 뉴질랜드 안심 원육 자연방목 목초사육 캠핑용 가정용 홈파티용, 1개 90,900원(100g당 6,060원) 4.5 (117)]( \"[마블플러스] 뉴질랜드 안심 원육 자연방목 목초사육 캠핑용 가정용 홈파티용, 1개\") [...] , 1개, 200g\n\n24,000원\n\n20,000원\n\n(100g당 10,000원)\n\n12/2(화) 도착 예정\n\n(15)\n\nImage 112\n\n최대 1,000원 적립\n\nImage 113\n\n미트엔조이 미국산 프라임 등심 스테이크 (냉장), 500g, 1개\n\n29,900원\n\n23,740원\n\n(100g당 4,748원)\n\nImage 114\n\n오늘(토) 도착 보장\n\n(9,999+)\n\nImage 115\n\n최대 1,187원 적립\n\nImage 116\n\n[마블플러스] 뉴질랜드 안심 스테이크 4cm 목초사육 청정우 다이어트 소고기, 뉴질랜드 안심 스테이크 4cm 160g, 1개\n\n18,900원\n\n17,400원\n\n(100g당 10,875원)\n\n12/2(화) 도착 예정\n\n(140)\n\nImage 117\n\n최대 870원 적립\n\nImage 118\n\n무료배송\n\n한우왕 한우 안심 1등급 600g 소고기 (등급선택가능), 1개, 안심 1++등급 600g\n\n75,100원\n\n(100g당 12,517원) [...] [![Image 130: [무료배송]소안심(원육)1.4kg~2.1kg /업소용/도매/청정뉴질랜드 목초사육 소고기 /이유식./다이어트/스테이크/안심스테이크, 소안심(원육)1.4kg, 1개]( [무료배송]소안심(원육)1.4kg~2.1kg /업소용/도매/청정뉴질랜드 목초사육 소고기 /이유식./다이어트/스테이크/안심스테이크, 소안심(원육)1.4kg, 1개 77,000원(100g당 5,500원) 4.5 (220)]( \"[무료배송]소안심(원육)1.4kg~2.1kg /업소용/도매/청정뉴질랜드 목초사육 소고기 /이유식./다이어트/스테이크/안심스테이크, 소안심(원육)1.4kg, 1개\")\n   Image 131: 미국산 소살치살 초이스 리테일팩(원육) (냉장), 2.1kg, 1개 미국산 소살치살 초이스 리테일팩(원육) (냉장), 2.1kg, 1개 62,540원(100g당 2,978원) Image 132 4.5 (274) (냉장), 2.1kg, 1개\")",
        "score": 0.6083387,
        "timestamp": "2025-11-29T05:41:09.765607",
        "raw_content": "쿠팡이 추천하는 스테이크용 안심 관련 혜택과 특가\n\n===============\n\n[![Image 1](https://static.coupangcdn.com/ea/cmg_paperboy/image/1646271114206/C0-Left_basic.jpg)](https://www.coupang.com/np/campaigns/82?adType=DA&eventId=svGbwqxbtM9mv2EU)[![Image 2](https://static.coupangcdn.com/ya/cmg_paperboy/image/1764139787980/C0.jpg)](https://pages.coupang.com/p/157429?adType=DA&eventId=3GE2g2hOjVir8ie1)\n\n[X](https://www.coupang.com/np/search?q=%EC%8A%A4%ED%85%8C%EC%9D%B4%ED%81%AC%EC%9A%A9%20%EC%95%88%EC%8B%AC)\n\n*   [판매자 가입](https://wing.coupang.com/tenants/vendor-signup/signup?utm_source=button_pc_coupang_app_category_3&utm_medium=non_paid&utm_id=onsite_ca&utm_content=20240328)\n*   [고객센터](https://mc.coupang.com/ssr/desktop/contact/faq)\n[자주묻는 질문](https://mc.coupang.com/ssr/desktop/contact/faq)[1:1 채팅문의](https://mc.coupang.com/ssr/desktop/contact/inquiry)[고객의 소리](https://mc.coupang.com/ssr/desktop/contact/voc)[취소 / 반품 안내](https://www.coupang.com/returnPolicy.pang)\n\n*   [회원가입](https://login.coupang.com/login/memberJoinFrm.pang \"회원가입\")\n*   [로그인](https://login.coupang.com/login/login.pang?rtnUrl=https%3A%2F%2Fwww.coupang.com%2Fnp%2Fpost%2Flogin%3Fr%3Dhttp%253A%252F%252Fwww.coupang.com%252Fnp%252Fsearch%253Fq%253D%2525EC%25258A%2525A4%2525ED%252585%25258C%2525EC%25259D%2525B4%2525ED%252581%2525AC%2525EC%25259A%2525A9%252B%2525EC%252595%252588%2525EC%25258B%2525AC \"로그인\")\n*   [즐겨찾기](https://www.coupang.com/np/search?q=%EC%8A%A4%ED%85%8C%EC%9D%B4%ED%81%AC%EC%9A%A9%20%EC%95%88%EC%8B%AC)\n*   [입점신청](https://www.coupang.com/np/search?q=%EC%8A%A4%ED%85%8C%EC%9D%B4%ED%81%AC%EC%9A%A9%20%EC%95%88%EC%8B%AC)\n[오픈마켓](https://marketplace.coupangcorp.com/s/?utm_source=button_pc&utm_medium=non_paid&utm_campaign=onsite_ca&utm_id=coupang_app)[여행·티켓](https://with.coupang.com/contract/initialize)[로켓배송](https://supplier.coupang.com/welcome/join)[제휴마케팅](https://partners.coupang.com/)[로켓그로스](https://sell.coupang.com/?utm_source=web_button_pc_rg&utm_medium=referral&utm_campaign=onsite_lead&utm_id=coupang_web?inflow=WEB_HEADER_B)\n\n.\n\n카테고리\n\n쇼핑\n\n티켓\n\n테마관\n\n*   [입점/판매 신청](https://wing.coupang.com/tenants/vendor-signup/signup?utm_source=button_pc_coupang_app_category_3&utm_medium=non_paid&utm_id=onsite_ca&utm_content=20240328)\n\n[![Image 3: Coupang](https://image7.coupangcdn.com/image/coupang/common/logo_coupang_w350.png)](https://www.coupang.com/)\n\n[전체](https://www.coupang.com/np/search?q=%EC%8A%A4%ED%85%8C%EC%9D%B4%ED%81%AC%EC%9A%A9%20%EC%95%88%EC%8B%AC)\n\n전체삭제 최근검색어끄기\n\n[](https://www.coupang.com/np/search?q=%EC%8A%A4%ED%85%8C%EC%9D%B4%ED%81%AC%EC%9A%A9%20%EC%95%88%EC%8B%AC)![Image 4](https://front.coupangcdn.com/front-web-next/_next/static/media/search.85cd3dbf.png)\n*   [![Image 5](https://front.coupangcdn.com/front-web-next/_next/static/media/person.07e45e52.png)마이쿠팡](https://mc.coupang.com/ssr/desktop/order/list)\n[주문목록](https://mc.coupang.com/ssr/desktop/order/list)[취소/반품](https://mc.coupang.com/ssr/desktop/cancel-return-exchange/list)[찜 리스트](https://wish-web.coupang.com/wishInitView.pang)\n\n*   [![Image 6](https://front.coupangcdn.com/front-web-next/_next/static/media/cart.ccef8f9e.png)_0_ 장바구니](https://cart.coupang.com/cartView.pang)\n\n  \n\n    *   장바구니에 담긴 상품이 없습니다.\n\n[장바구니 전체보기](https://cart.coupang.com/cartView.pang)\n\n[](https://www.coupang.com/np/search?q=%EC%8A%A4%ED%85%8C%EC%9D%B4%ED%81%AC%EC%9A%A9%20%EC%95%88%EC%8B%AC)\n\n*   [![Image 7: 쿠팡플레이](https://image.coupangcdn.com/image/coupang/home/icons/web/kr/coupang-play.png)쿠팡플레이](https://www.coupangplay.com/catalog)\n*   [![Image 8: 로켓배송](https://image.coupangcdn.com/image/coupang/home/icons/web/kr/rocket-delivery.png)로켓배송](https://www.coupang.com/np/campaigns/82)\n*   [![Image 9: 로켓프레시](https://image.coupangcdn.com/image/coupang/home/icons/web/kr/rocket-fresh.png)로켓프레시](https://www.coupang.com/np/categories/393760)\n*   [![Image 10: 크리스마스](https://image.coupangcdn.com/image/coupang/home/icons/Christmas/Christmas_PC_2025.png)크리스마스](https://pages.coupang.com/p/158677)\n*   [![Image 11: 다시 구매](https://image.coupangcdn.com/image/coupang/common/fbi_icon_3x.png)다시 구매](https://www.coupang.com/np/fbi?sourceType=home_section_fbi)\n*   [![Image 12: 쿠팡비즈](https://image.coupangcdn.com/image/coupang/home/icons/web/kr/biz.png)쿠팡비즈](https://login.coupang.com/corporation/member/landing-page)\n*   [![Image 13: 로켓직구](https://image.coupangcdn.com/image/coupang/home/icons/web/kr/oversea-delivery.png)로켓직구](https://www.coupang.com/np/coupangglobal)\n*   [![Image 14: 골드박스](https://image.coupangcdn.com/image/coupang/home/icons/web/kr/gold-box.png)골드박스](https://pages.coupang.com/p/121237?sourceType=gm_crm_goldbox&subSourceType=gm_crm_gwsrtcut)\n*   [![Image 15: 이달의신상](https://image.coupangcdn.com/image/coupang/home/icons/web/kr/new-item-of-month.png)이달의신상](https://pages.coupang.com/p/136938)\n*   [![Image 16: 판매자특가](https://image.coupangcdn.com/image/coupang/home/icons/web/kr/omp.png)판매자특가](https://www.coupang.com/np/omp)\n*   [![Image 17: 와우회원할인](https://image.coupangcdn.com/image/coupang/home/icons/web/kr/wow.png)와우회원할인](https://www.coupang.com/np/campaigns/83)\n*   [![Image 18: 이벤트/쿠폰](https://image.coupangcdn.com/image/coupang/home/icons/web/kr/benefit.png)이벤트/쿠폰](https://www.coupang.com/np/coupangbenefit)\n*   [![Image 19: 반품마켓](https://image.coupangcdn.com/image/coupang/home/icons/web/kr/returned-market.png)반품마켓](https://pages.coupang.com/p/54908)\n*   [![Image 20: 착한상점](https://image.coupangcdn.com/image/coupang/home/icons/web/kr/sustainable-market.png)착한상점](https://pages.coupang.com/p/63240)\n*   [![Image 21: 기획전](https://image.coupangcdn.com/image/coupang/home/icons/web/kr/event.png)기획전](https://pages.coupang.com/p/bep?sourceType=gm_crm_oms&subSourceType=gm_crm_gwsrtcut)\n*   [![Image 22: 쿠팡트래블](https://image.coupangcdn.com/image/coupang/home/icons/web/kr/travel.png)쿠팡트래블](https://trip.coupang.com/?channel=gnb)\n*   [![Image 23: 입점신청](https://image.coupangcdn.com/image/coupang/home/icons/web/kr/sell-on-coupang.png)입점신청](https://wing.coupang.com/tenants/vendor-signup/signup?utm_source=button_pc_coupang_shortcut_1&utm_medium=non_paid&utm_id=onsite_ca&utm_content=202411)\n\n[](https://www.coupang.com/np/search?q=%EC%8A%A4%ED%85%8C%EC%9D%B4%ED%81%AC%EC%9A%A9%20%EC%95%88%EC%8B%AC)\n\n[전체](https://www.coupang.com/np/search?q=%EC%8A%A4%ED%85%8C%EC%9D%B4%ED%81%AC%EC%9A%A9%20%EC%95%88%EC%8B%AC#)\n*   [전체](https://www.coupang.com/np/search?q=%EC%8A%A4%ED%85%8C%EC%9D%B4%ED%81%AC%EC%9A%A9%20%EC%95%88%EC%8B%AC#)\n\n전체삭제 최근검색어끄기\n\n[](https://www.coupang.com/np/search?q=%EC%8A%A4%ED%85%8C%EC%9D%B4%ED%81%AC%EC%9A%A9%20%EC%95%88%EC%8B%AC)![Image 24](https://front.coupangcdn.com/front-web-next/_next/static/media/search.85cd3dbf.png)\n\n[스테이크](https://www.coupang.com/np/search?q=%EC%8A%A4%ED%85%8C%EC%9D%B4%ED%81%AC&channel=undefined \"스테이크\")[스테이크용소고기](https://www.coupang.com/np/search?q=%EC%8A%A4%ED%85%8C%EC%9D%B4%ED%81%AC%EC%9A%A9%EC%86%8C%EA%B3%A0%EA%B8%B0&channel=undefined \"스테이크용소고기\")[싼쵸정육점](https://www.coupang.com/np/search?q=%EC%8B%BC%EC%B5%B8%EC%A0%95%EC%9C%A1%EC%A0%90&channel=undefined \"싼쵸정육점\")[안심4cm](https://www.coupang.com/np/search?q=%EC%95%88%EC%8B%AC4cm&channel=undefined \"안심4cm\")[호주산안심](https://www.coupang.com/np/search?q=%ED%98%B8%EC%A3%BC%EC%82%B0%EC%95%88%EC%8B%AC&channel=undefined \"호주산안심\")[싼쵸정육점4cm](https://www.coupang.com/np/search?q=%EC%8B%BC%EC%B5%B8%EC%A0%95%EC%9C%A1%EC%A0%904cm&channel=undefined \"싼쵸정육점4cm\")[안심스테이크4cm](https://www.coupang.com/np/search?q=%EC%95%88%EC%8B%AC%EC%8A%A4%ED%85%8C%EC%9D%B4%ED%81%AC4cm&channel=undefined \"안심스테이크4cm\")[소고기](https://www.coupang.com/np/search?q=%EC%86%8C%EA%B3%A0%EA%B8%B0&channel=undefined \"소고기\")[안심](https://www.coupang.com/np/search?q=%EC%95%88%EC%8B%AC&channel=undefined \"안심\")[소고기안심스테이크](https://www.coupang.com/np/search?q=%EC%86%8C%EA%B3%A0%EA%B8%B0%EC%95%88%EC%8B%AC%EC%8A%A4%ED%85%8C%EC%9D%B4%ED%81%AC&channel=undefined \"소고기안심스테이크\")\n\n[](https://www.coupang.com/np/search?q=%EC%8A%A4%ED%85%8C%EC%9D%B4%ED%81%AC%EC%9A%A9%20%EC%95%88%EC%8B%AC)\n\n*   [![Image 25: 쿠팡플레이](https://image.coupangcdn.com/image/coupang/home/icons/web/kr/coupang-play.png)쿠팡플레이](https://www.coupangplay.com/catalog)\n*   [![Image 26: 로켓배송](https://image.coupangcdn.com/image/coupang/home/icons/web/kr/rocket-delivery.png)로켓배송](https://www.coupang.com/np/campaigns/82)\n*   [![Image 27: 로켓프레시](https://image.coupangcdn.com/image/coupang/home/icons/web/kr/rocket-fresh.png)로켓프레시](https://www.coupang.com/np/categories/393760)\n*   [![Image 28: 크리스마스](https://image.coupangcdn.com/image/coupang/home/icons/Christmas/Christmas_PC_2025.png)크리스마스](https://pages.coupang.com/p/158677)\n*   [![Image 29: 다시 구매](https://image.coupangcdn.com/image/coupang/common/fbi_icon_3x.png)다시 구매](https://www.coupang.com/np/fbi?sourceType=home_section_fbi)\n*   [![Image 30: 쿠팡비즈](https://image.coupangcdn.com/image/coupang/home/icons/web/kr/biz.png)쿠팡비즈](https://login.coupang.com/corporation/member/landing-page)\n*   [![Image 31: 로켓직구](https://image.coupangcdn.com/image/coupang/home/icons/web/kr/oversea-delivery.png)로켓직구](https://www.coupang.com/np/coupangglobal)\n*   [![Image 32: 골드박스](https://image.coupangcdn.com/image/coupang/home/icons/web/kr/gold-box.png)골드박스](https://pages.coupang.com/p/121237?sourceType=gm_crm_goldbox&subSourceType=gm_crm_gwsrtcut)\n*   [![Image 33: 이달의신상](https://image.coupangcdn.com/image/coupang/home/icons/web/kr/new-item-of-month.png)이달의신상](https://pages.coupang.com/p/136938)\n*   [![Image 34: 판매자특가](https://image.coupangcdn.com/image/coupang/home/icons/web/kr/omp.png)판매자특가](https://www.coupang.com/np/omp)\n*   [![Image 35: 와우회원할인](https://image.coupangcdn.com/image/coupang/home/icons/web/kr/wow.png)와우회원할인](https://www.coupang.com/np/campaigns/83)\n*   [![Image 36: 이벤트/쿠폰](https://image.coupangcdn.com/image/coupang/home/icons/web/kr/benefit.png)이벤트/쿠폰](https://www.coupang.com/np/coupangbenefit)\n*   [![Image 37: 반품마켓](https://image.coupangcdn.com/image/coupang/home/icons/web/kr/returned-market.png)반품마켓](https://pages.coupang.com/p/54908)\n*   [![Image 38: 착한상점](https://image.coupangcdn.com/image/coupang/home/icons/web/kr/sustainable-market.png)착한상점](https://pages.coupang.com/p/63240)\n*   [![Image 39: 기획전](https://image.coupangcdn.com/image/coupang/home/icons/web/kr/event.png)기획전](https://pages.coupang.com/p/bep?sourceType=gm_crm_oms&subSourceType=gm_crm_gwsrtcut)\n*   [![Image 40: 쿠팡트래블](https://image.coupangcdn.com/image/coupang/home/icons/web/kr/travel.png)쿠팡트래블](https://trip.coupang.com/?channel=gnb)\n*   [![Image 41: 입점신청](https://image.coupangcdn.com/image/coupang/home/icons/web/kr/sell-on-coupang.png)입점신청](https://wing.coupang.com/tenants/vendor-signup/signup?utm_source=button_pc_coupang_shortcut_1&utm_medium=non_paid&utm_id=onsite_ca&utm_content=202411)\n\n[](https://www.coupang.com/np/search?q=%EC%8A%A4%ED%85%8C%EC%9D%B4%ED%81%AC%EC%9A%A9%20%EC%95%88%EC%8B%AC)\n\n[장바구니 _0_](https://cart.coupang.com/cartView.pang)\n\n최근본상품 _0_\n\n*   최근본 상품이\n\n없습니다.\n\n/[prev](https://www.coupang.com/np/%EC%9D%B4%EC%A0%84%20%ED%8E%98%EC%9D%B4%EC%A7%80%20%EB%B3%B4%EA%B8%B0)[next](https://www.coupang.com/np/%EB%8B%A4%EC%9D%8C%20%ED%8E%98%EC%9D%B4%EC%A7%80%20%EB%B3%B4%EA%B8%B0)\n\n[![Image 42: Coupang](https://image7.coupangcdn.com/image/coupang/common/logo_coupang_w350.png)](https://www.coupang.com/)\n\n[전체](https://www.coupang.com/np/search?q=%EC%8A%A4%ED%85%8C%EC%9D%B4%ED%81%AC%EC%9A%A9%20%EC%95%88%EC%8B%AC)\n\n전체삭제 최근검색어끄기\n\n[](https://www.coupang.com/np/search?q=%EC%8A%A4%ED%85%8C%EC%9D%B4%ED%81%AC%EC%9A%A9%20%EC%95%88%EC%8B%AC)![Image 43](https://front.coupangcdn.com/front-web-next/_next/static/media/search.85cd3dbf.png)\n\n[스테이크](https://www.coupang.com/np/search?q=%EC%8A%A4%ED%85%8C%EC%9D%B4%ED%81%AC&channel=undefined \"스테이크\")[스테이크용소고기](https://www.coupang.com/np/search?q=%EC%8A%A4%ED%85%8C%EC%9D%B4%ED%81%AC%EC%9A%A9%EC%86%8C%EA%B3%A0%EA%B8%B0&channel=undefined \"스테이크용소고기\")[싼쵸정육점](https://www.coupang.com/np/search?q=%EC%8B%BC%EC%B5%B8%EC%A0%95%EC%9C%A1%EC%A0%90&channel=undefined \"싼쵸정육점\")[안심4cm](https://www.coupang.com/np/search?q=%EC%95%88%EC%8B%AC4cm&channel=undefined \"안심4cm\")[호주산안심](https://www.coupang.com/np/search?q=%ED%98%B8%EC%A3%BC%EC%82%B0%EC%95%88%EC%8B%AC&channel=undefined \"호주산안심\")[싼쵸정육점4cm](https://www.coupang.com/np/search?q=%EC%8B%BC%EC%B5%B8%EC%A0%95%EC%9C%A1%EC%A0%904cm&channel=undefined \"싼쵸정육점4cm\")[안심스테이크4cm](https://www.coupang.com/np/search?q=%EC%95%88%EC%8B%AC%EC%8A%A4%ED%85%8C%EC%9D%B4%ED%81%AC4cm&channel=undefined \"안심스테이크4cm\")[소고기](https://www.coupang.com/np/search?q=%EC%86%8C%EA%B3%A0%EA%B8%B0&channel=undefined \"소고기\")[안심](https://www.coupang.com/np/search?q=%EC%95%88%EC%8B%AC&channel=undefined \"안심\")[소고기안심스테이크](https://www.coupang.com/np/search?q=%EC%86%8C%EA%B3%A0%EA%B8%B0%EC%95%88%EC%8B%AC%EC%8A%A4%ED%85%8C%EC%9D%B4%ED%81%AC&channel=undefined \"소고기안심스테이크\")\n\n*   [전체](https://www.coupang.com/np/search?q=%EC%8A%A4%ED%85%8C%EC%9D%B4%ED%81%AC%EC%9A%A9+%EC%95%88%EC%8B%AC)\n\n**'스테이크용 안심'**\n\n#### 필터\n\n*   ![Image 44: rocket_luxury,rocket,coupang_global](https://image.coupangcdn.com/image/badges/falcon/v1/web/rocket-all@2x.png) \n\n    *   ![Image 45: rocket_luxury](https://image.coupangcdn.com/image/coupang/rds/logo/iphone_2x/rds_logo_rlux_light_101719300269126@2x.png)만 보기 \n    *   ![Image 46: rocket](https://image.coupangcdn.com/image/badges/falcon/v1/web/txt_rocket@2x.png)만 보기 \n    *   ![Image 47: coupang_global](https://image.coupangcdn.com/image/badges/falcon/v1/web/txt_jikgu@2x.png)만 보기 \n\n*   ![Image 48: top_brand](https://image.coupangcdn.com/image/badges/top_brand/c-avenue.svg) \n*   무료배송 \n\n##### 카테고리\n\n*   [전체](https://www.coupang.com/) \n*   [식품](https://www.coupang.com/np/categories/194276) \n*   [헬스/건강식품](https://www.coupang.com/np/categories/305798) \n*   [쿠팡수입](https://www.coupang.com/np/categories/510691) \n*   [주방용품](https://www.coupang.com/np/categories/185669) \n*   [결혼준비](https://www.coupang.com/np/categories/416130) \n\n##### 브랜드\n\n*   미트엔조이 \n*   목우촌 \n*   gomgom \n*   보리육촌 \n*   농협안심한우 \n*   미트지엥 \n*   육감하누 \n*   설로인 \n*   이로우 \n*   설화우 \n*   전통참한우 \n*   한우맘 \n*   설성목장 \n*   동원홈푸드 \n*   안성한우 \n*   생생한우 \n*   이플원 \n*   팜스토리 \n*   참연담소 \n*   화담우 \n\n+ 더보기\n\n##### 낱개상품 여부\n\n*   낱개상품 \n\n##### 개당 중량\n\n*   1kg 이하 \n*   1~2kg \n*   2kg 이상 \n\n##### 총 중량\n\n*   300g 이하 \n*   300~500g \n*   500~700g \n*   700~1kg \n*   1~3kg \n*   3kg 이상 \n\n##### 보관방식\n\n*   냉장보관 \n*   냉동보관 \n\n##### 부위\n\n*   살치살 \n*   갈비 \n*   안심 \n*   부채살 \n*   채끝 \n*   토시살 \n*   안창살 \n*   등심 \n*   치마살 \n*   업진살 \n*   제비추리 \n*   양지 \n*   사태 \n*   설도 \n*   목심 \n\n+ 더보기\n\n##### 용도\n\n*   구이용 \n*   스테이크 \n*   국거리 \n*   불고기/샤브샤브 \n*   다짐육 \n*   이유식재료 \n*   찜/장조림 \n*   큐브/찹스테이크 \n\n+ 더보기\n\n##### 가공방식\n\n*   일반 \n*   시즈닝 \n*   양념 \n\n##### 한우 등급\n\n*   1++등급 \n*   1+등급 \n*   1등급 \n*   2등급 \n\n##### 유기농/친환경 등\n\n*   인증 있음 \n\n##### 종류\n\n*   소 \n\n##### 양념\n\n*   양념없음 \n\n##### 간편식\n\n*   즉석조리식품 \n*   밀키트 \n\n##### 별점\n\n*   별점 전체 \n*   4점 이상 \n*   3점 이상 \n*   2점 이상 \n*   1점 이상 \n\n##### 가격\n\n*   가격 전체 \n*   4만원 이하 \n*   4만원~8만원 \n*   8만원~12만원 \n*   12만원~16만원 \n*   16만원 이상 \n\n~원 검색 \n\n현재 검색 결과에 만족하셨나요?\n\n어떤 문제가 있었나요?\n\n*   추천해준 검색어가 도움이 안 돼요\n*   필터가 도움이 안 돼요\n*   관련 없는 상품이 있어요\n*   이미지나 정보가 부정확해요\n*   기타 원하는 옵션이 없어요\n\n**'스테이크용 안심'**에 대한 검색결과\n=======================\n\n연관검색어: [스테이크](https://www.coupang.com/np/search?q=%EC%8A%A4%ED%85%8C%EC%9D%B4%ED%81%AC&channel=relate \"스테이크\")[스테이크용소고기](https://www.coupang.com/np/search?q=%EC%8A%A4%ED%85%8C%EC%9D%B4%ED%81%AC%EC%9A%A9%EC%86%8C%EA%B3%A0%EA%B8%B0&channel=relate \"스테이크용소고기\")[싼쵸정육점](https://www.coupang.com/np/search?q=%EC%8B%BC%EC%B5%B8%EC%A0%95%EC%9C%A1%EC%A0%90&channel=relate \"싼쵸정육점\")[안심4cm](https://www.coupang.com/np/search?q=%EC%95%88%EC%8B%AC4cm&channel=relate \"안심4cm\")[호주산안심](https://www.coupang.com/np/search?q=%ED%98%B8%EC%A3%BC%EC%82%B0%EC%95%88%EC%8B%AC&channel=relate \"호주산안심\")[싼쵸정육점4cm](https://www.coupang.com/np/search?q=%EC%8B%BC%EC%B5%B8%EC%A0%95%EC%9C%A1%EC%A0%904cm&channel=relate \"싼쵸정육점4cm\")[안심스테이크4cm](https://www.coupang.com/np/search?q=%EC%95%88%EC%8B%AC%EC%8A%A4%ED%85%8C%EC%9D%B4%ED%81%AC4cm&channel=relate \"안심스테이크4cm\")[소고기](https://www.coupang.com/np/search?q=%EC%86%8C%EA%B3%A0%EA%B8%B0&channel=relate \"소고기\")[안심](https://www.coupang.com/np/search?q=%EC%95%88%EC%8B%AC&channel=relate \"안심\")[소고기안심스테이크](https://www.coupang.com/np/search?q=%EC%86%8C%EA%B3%A0%EA%B8%B0%EC%95%88%EC%8B%AC%EC%8A%A4%ED%85%8C%EC%9D%B4%ED%81%AC&channel=relate \"소고기안심스테이크\")\n\n배송비 포함 \n\n*   쿠팡 랭킹순 \n\n설명 \n\n쿠팡 랭킹순은 판매 실적, 고객 선호도, 상품 경쟁력 및\n\n검색 정확도 등을 종합적으로 고려한 것입니다.\n    *   판매 실적 : 상품의 구매 건수\n    *   고객 선호도 : 상품 및 판매자에 대한 고객평가 등\n    *   상품 경쟁력 : 상품 가격, 배송 기간 등\n    *   검색 정확도 : 검색어와 상품 간 연관도 등\n\n이 밖에 쿠팡 랭킹순에는 고객의 편의 및 만족도\n\n향상을 위한 추가적인 요소가 수시로 반영될 수 있습니다.\n\n*   낮은가격순 \n*   높은가격순 \n*   판매량순 \n*   최신순 \n\n*   36 개씩 보기 \n*   48 개씩 보기 \n*   60 개씩 보기 \n*   72 개씩 보기 \n\n필터\n\n![Image 49](https://thumbnail3.coupangcdn.com/thumbnails/remote/292x292q65ex/image/vendor_inventory/757c/861892af05ed21b10366bd589d678df1888ed616b58ae4ad4cf678bba985.png)\n\n도담우 국내산 안심 소고기 안심스테이크 구이용 (와사비솔트 증정), 1개, 200g\n\n무료배송\n\n12/2(화) 도착 예정\n\n(15)\n\n![Image 50](http://image6.coupangcdn.com/image/cmg/srp/topBanner/android/cta_arrow_xxxhdpi.png)\n\n광고\n\n![Image 51](https://image.coupangcdn.com/image/cmg/common/tooltip-icon@2x.png)\n\n*   [![Image 52: [마블플러스] 호주산 안심 원육 냉동 호주청정우 캠핑용 가정용 홈파티용, ★(냉동) 안심 원물 2kg, 1개](https://thumbnail.coupangcdn.com/thumbnails/remote/320x320ex/image/vendor_inventory/6fdb/9de077edf9f522d13fa3cdc944d280b2f0611e1d0f01c5a962d3ef3a28b4.jpg) [마블플러스] 호주산 안심 원육 냉동 호주청정우 캠핑용 가정용 홈파티용, ★(냉동) 안심 원물 2kg, 1개 할인· 09:12:50~~300,000원~~ 63% 110,900원 (100g당 5,545원) 12/3(수) 도착 예정 무료배송 4.5 (18) **단 1개 남음**빨리 주문하세요! 쿠팡으로부터 광고 서비스를 구매한 제휴업체의 판매상품으로 일반 상품보다 우선 정렬됩니다. AD](https://www.coupang.com/vp/products/5351664081?itemId=7874612281&vendorItemId=75164229480&sourceType=srp_product_ads&clickEventId=45237240-cc7b-11f0-9124-0e820f1410c4&korePlacement=15&koreSubPlacement=1&clickEventId=45237240-cc7b-11f0-9124-0e820f1410c4&korePlacement=15&koreSubPlacement=1)\n*   [![Image 53: 미트엔조이 호주산 안심 스테이크 (냉장), 150g, 2개](https://thumbnail.coupangcdn.com/thumbnails/remote/320x320ex/image/retail/images/00dd3f8e-b0e9-480c-ac3f-56cb2f99d6232934876873180099677.png)![Image 54](https://image.coupangcdn.com/image/badges/cou_pick/web/coupick@2x.png) 202원 캐시 적립 미트엔조이 호주산 안심 스테이크 (냉장), 150g, 2개 21,200원 (100g당 7,067원) 1,000원 와우 가입 쿠폰 ![Image 55](https://image.coupangcdn.com/image/badges/falcon/v1/web/rocket-fresh@2x.png) 오늘(토) 도착 보장 4.5 (7046) 1](https://www.coupang.com/vp/products/1131265475?itemId=19224578756&vendorItemId=86341241778&pickType=COU_PICK&q=%EC%8A%A4%ED%85%8C%EC%9D%B4%ED%81%AC%EC%9A%A9%20%EC%95%88%EC%8B%AC&searchId=fd4c7a1d48845&sourceType=search&itemsCount=36&searchRank=1&rank=1)\n*   [![Image 56: 목우촌 국내산 소고기 안심 스테이크용 (냉장), 300g, 1개](https://thumbnail.coupangcdn.com/thumbnails/remote/320x320ex/image/retail/images/2022/10/17/15/8/20f881c7-cde2-4875-9333-1336c5991a64.jpg) 목우촌 국내산 소고기 안심 스테이크용 (냉장), 300g, 1개 ~~49,990원~~ 40% 29,850원 (100g당 9,950원) ![Image 57](https://image.coupangcdn.com/image/badges/falcon/v1/web/rocket-fresh@2x.png) 오늘(토) 도착 보장 5 (2069) 2](https://www.coupang.com/vp/products/6853353255?itemId=16335580395&vendorItemId=83527502996&q=%EC%8A%A4%ED%85%8C%EC%9D%B4%ED%81%AC%EC%9A%A9%20%EC%95%88%EC%8B%AC&searchId=fd4c7a1d48845&sourceType=search&itemsCount=36&searchRank=2&rank=2)\n*   [![Image 58: 곰곰 호주산 소고기 안심 스테이크용 (냉장), 300g, 1개](https://thumbnail.coupangcdn.com/thumbnails/remote/320x320ex/image/retail/images/872941473544487-5f9b60d7-d0f0-4a76-96e8-889427a5f7a3.jpg) 곰곰 호주산 소고기 안심 스테이크용 (냉장), 300g, 1개 ~~19,000원~~ 8% 17,320원 (100g당 5,773원) ![Image 59](https://image.coupangcdn.com/image/badges/falcon/v1/web/rocket-fresh@2x.png) 오늘(토) 도착 보장 4.5 (481) 3](https://www.coupang.com/vp/products/8308632352?itemId=23972924493&vendorItemId=90994261415&q=%EC%8A%A4%ED%85%8C%EC%9D%B4%ED%81%AC%EC%9A%A9%20%EC%95%88%EC%8B%AC&searchId=fd4c7a1d48845&sourceType=search&itemsCount=36&searchRank=3&rank=3)\n*   [![Image 60: 목우촌 국내산 소고기 안심 (냉장), 300g, 1개](https://thumbnail.coupangcdn.com/thumbnails/remote/320x320ex/image/retail/images/2451551721622664-fe9a124c-4a84-4eae-bf94-43abee8ca653.jpg) 목우촌 국내산 소고기 안심 (냉장), 300g, 1개 29,850원 (100g당 9,950원) ![Image 61](https://image.coupangcdn.com/image/badges/falcon/v1/web/rocket-fresh@2x.png) 오늘(토) 도착 보장 4.5 (7855) 4](https://www.coupang.com/vp/products/1267767183?itemId=2271396074&vendorItemId=70268609297&q=%EC%8A%A4%ED%85%8C%EC%9D%B4%ED%81%AC%EC%9A%A9%20%EC%95%88%EC%8B%AC&searchId=fd4c7a1d48845&sourceType=search&itemsCount=36&searchRank=4&rank=4)\n*   [![Image 62: [예담우] 소고기 국내산 냉장 안심 스테이크 로스 구이용 캠핑, 4개, 250g](https://thumbnail.coupangcdn.com/thumbnails/remote/320x320ex/image/vendor_inventory/fc90/27d26dbd2a1c932fc7ddd4aedeadb4deb6d551144cc38b4a0a69a176fb29.jpg) [예담우] 소고기 국내산 냉장 안심 스테이크 로스 구이용 캠핑, 4개, 250g 할인~~38,900원~~ 12% 34,110원 (100g당 3,411원) 12/4(목) 도착 예정 무료배송 4 (183) 5](https://www.coupang.com/vp/products/8703375562?itemId=25274863778&vendorItemId=92270510007&q=%EC%8A%A4%ED%85%8C%EC%9D%B4%ED%81%AC%EC%9A%A9%20%EC%95%88%EC%8B%AC&searchId=fd4c7a1d48845&sourceType=search&itemsCount=36&searchRank=5&rank=5)\n*   [![Image 63: 미트엔조이 호주산 안심 스테이크 (냉장), 150g, 1개](https://thumbnail.coupangcdn.com/thumbnails/remote/320x320ex/image/retail/images/2023/02/21/14/8/5d5e97e6-64d1-40f2-9170-866da51eb806.jpg)96원 캐시 적립 미트엔조이 호주산 안심 스테이크 (냉장), 150g, 1개 12,350원 (100g당 8,233원) 1,000원 와우 가입 쿠폰 ![Image 64](https://image.coupangcdn.com/image/badges/falcon/v1/web/rocket-fresh@2x.png) 오늘(토) 도착 보장 4.5 (7046) 6](https://www.coupang.com/vp/products/1131265475?itemId=18074171254&vendorItemId=85227325299&q=%EC%8A%A4%ED%85%8C%EC%9D%B4%ED%81%AC%EC%9A%A9%20%EC%95%88%EC%8B%AC&searchId=fd4c7a1d48845&sourceType=search&itemsCount=36&searchRank=6&rank=6)\n*   [![Image 65: 곰곰 호주산 소고기 안심 스테이크용 (냉장), 300g, 2개](https://thumbnail.coupangcdn.com/thumbnails/remote/320x320ex/image/retail/images/972771561383357-ff0f6fc1-d440-43c9-8887-856bf8883788.jpg) 곰곰 호주산 소고기 안심 스테이크용 (냉장), 300g, 2개 ~~38,000원~~ 12% 33,260원 (100g당 5,543원) ![Image 66](https://image.coupangcdn.com/image/badges/falcon/v1/web/rocket-fresh@2x.png) 오늘(토) 도착 보장 4.5 (481) 7](https://www.coupang.com/vp/products/8308632352?itemId=24190543436&vendorItemId=91208284443&q=%EC%8A%A4%ED%85%8C%EC%9D%B4%ED%81%AC%EC%9A%A9%20%EC%95%88%EC%8B%AC&searchId=fd4c7a1d48845&sourceType=search&itemsCount=36&searchRank=7&rank=7)\n*   [![Image 67: 호주산 소고기 안심 스테이크용 (냉장), 150g, 2개](https://thumbnail.coupangcdn.com/thumbnails/remote/320x320ex/image/retail/images/5a280940-0e92-46e6-9068-13a9f9f28c446840219603133673052.png) 호주산 소고기 안심 스테이크용 (냉장), 150g, 2개 ~~38,000원~~ 46% 20,200원 (100g당 6,733원) ![Image 68](https://image.coupangcdn.com/image/badges/falcon/v1/web/rocket-fresh@2x.png) 오늘(토) 도착 보장 4.5 (850) 8](https://www.coupang.com/vp/products/8308632346?itemId=24190542635&vendorItemId=91208283868&q=%EC%8A%A4%ED%85%8C%EC%9D%B4%ED%81%AC%EC%9A%A9%20%EC%95%88%EC%8B%AC&searchId=fd4c7a1d48845&sourceType=search&itemsCount=36&searchRank=8&rank=8)\n*   [![Image 69: 호주산 안심 메가 스테이크용 (냉장), 1.1kg, 1개](https://thumbnail.coupangcdn.com/thumbnails/remote/320x320ex/image/retail/images/1225246030852388-fa857f59-d2dc-45f9-8317-ba0bd6893912.jpg) 호주산 안심 메가 스테이크용 (냉장), 1.1kg, 1개 ~~92,900원~~ 19% 74,610원 (100g당 6,783원) ![Image 70](https://image.coupangcdn.com/image/badges/falcon/v1/web/rocket-fresh@2x.png) 내일(일) 새벽 도착 보장 4.5 (377) 9](https://www.coupang.com/vp/products/7216851629?itemId=18278217119&vendorItemId=85424229472&q=%EC%8A%A4%ED%85%8C%EC%9D%B4%ED%81%AC%EC%9A%A9%20%EC%95%88%EC%8B%AC&searchId=fd4c7a1d48845&sourceType=search&itemsCount=36&searchRank=9&rank=9)\n*   [![Image 71: 농장을부탁해 프리미엄 국내산 안심 소고기 지방이 적은 스테이크용 안심 스킨포장, 1박스, 200g](https://thumbnail.coupangcdn.com/thumbnails/remote/320x320ex/image/vendor_inventory/ac83/2ff0132940c3291a9dd6706bb55f1571685a9f44d91de65b6b2e948d8bdc.png) 농장을부탁해 프리미엄 국내산 안심 소고기 지방이 적은 스테이크용 안심 스킨포장, 1박스, 200g 할인· 09:12:50~~27,150원~~ 26% 20,000원 (100g당 10,000원) 12/4(목) 도착 예정 무료배송 10](https://www.coupang.com/vp/products/9174315857?itemId=27043448521&vendorItemId=94011887948&q=%EC%8A%A4%ED%85%8C%EC%9D%B4%ED%81%AC%EC%9A%A9%20%EC%95%88%EC%8B%AC&searchId=fd4c7a1d48845&sourceType=search&itemsCount=36&searchRank=10&rank=10)\n*   [![Image 72: 호주산 우안심 스테이크용 (냉장), 300g, 1팩](https://thumbnail.coupangcdn.com/thumbnails/remote/320x320ex/image/retail/images/69455979478553-5ba863de-0ee7-4cd5-9d09-df9c4bbcfe4d.jpg) 호주산 우안심 스테이크용 (냉장), 300g, 1팩 17,320원 (100g당 5,773원) ![Image 73](https://image.coupangcdn.com/image/badges/falcon/v1/web/rocket-fresh@2x.png) 오늘(토) 도착 보장 4.5 (3920)](https://www.coupang.com/vp/products/1524431303?itemId=2615641677&vendorItemId=70606681290&q=%EC%8A%A4%ED%85%8C%EC%9D%B4%ED%81%AC%EC%9A%A9%20%EC%95%88%EC%8B%AC&searchId=fd4c7a1d48845&sourceType=search&itemsCount=36&searchRank=11&rank=11)\n*   [![Image 74: 미트엔조이 호주산 안심 스테이크 (냉장), 150g, 3개](https://thumbnail.coupangcdn.com/thumbnails/remote/320x320ex/image/retail/images/f32bf8e5-b2af-46f8-adf2-4474135471554741686276477329157.png)308원 캐시 적립 미트엔조이 호주산 안심 스테이크 (냉장), 150g, 3개 31,800원 (100g당 7,067원) 1,000원 와우 가입 쿠폰 ![Image 75](https://image.coupangcdn.com/image/badges/falcon/v1/web/rocket-fresh@2x.png) 오늘(토) 도착 보장 4.5 (7046)](https://www.coupang.com/vp/products/1131265475?itemId=19224579194&vendorItemId=86341242031&q=%EC%8A%A4%ED%85%8C%EC%9D%B4%ED%81%AC%EC%9A%A9%20%EC%95%88%EC%8B%AC&searchId=fd4c7a1d48845&sourceType=search&itemsCount=36&searchRank=12&rank=12)\n*   [![Image 76: 곰곰 호주산 소고기 안심 스테이크용 (냉장), 300g, 3개](https://thumbnail.coupangcdn.com/thumbnails/remote/320x320ex/image/retail/images/873079954912554-4e9fad88-e31d-48d8-90f6-e7eafca9707b.jpg) 곰곰 호주산 소고기 안심 스테이크용 (냉장), 300g, 3개 ~~57,000원~~ 12% 49,890원 (100g당 5,543원) ![Image 77](https://image.coupangcdn.com/image/badges/falcon/v1/web/rocket-fresh@2x.png) 오늘(토) 도착 보장 4.5 (481)](https://www.coupang.com/vp/products/8308632352?itemId=24190543608&vendorItemId=91208284578&q=%EC%8A%A4%ED%85%8C%EC%9D%B4%ED%81%AC%EC%9A%A9%20%EC%95%88%EC%8B%AC&searchId=fd4c7a1d48845&sourceType=search&itemsCount=36&searchRank=13&rank=13)\n*   [![Image 78: 호주산 우안심 스테이크용 (냉장), 300g, 2팩](https://thumbnail.coupangcdn.com/thumbnails/remote/320x320ex/image/retail/images/69562227059367-608ad9a4-e58d-4024-9292-1a09557d29bd.jpg) 호주산 우안심 스테이크용 (냉장), 300g, 2팩 33,600원 (100g당 5,600원) ![Image 79](https://image.coupangcdn.com/image/badges/falcon/v1/web/rocket-fresh@2x.png) 오늘(토) 도착 보장 4.5 (3920)](https://www.coupang.com/vp/products/1524431303?itemId=19225067848&vendorItemId=86341723654&q=%EC%8A%A4%ED%85%8C%EC%9D%B4%ED%81%AC%EC%9A%A9%20%EC%95%88%EC%8B%AC&searchId=fd4c7a1d48845&sourceType=search&itemsCount=36&searchRank=14&rank=14)\n*   [![Image 80: [G][남도명가] 1등급 한우 안심 (250g/스테이크용), 2개, 250g](https://thumbnail.coupangcdn.com/thumbnails/remote/320x320ex/image/vendor_inventory/f9db/f2cf563a0c3e36eaee58d6c7e8ed0f4af0b44e244cafcab25d9d00e2f95c.jpg) [G][남도명가] 1등급 한우 안심 (250g/스테이크용), 2개, 250g ~~39,900원~~ 2% 38,800원 (100g당 7,760원) 12/4(목) 도착 예정 무료배송 ∙ 무료반품](https://www.coupang.com/vp/products/9032015972?itemId=26633835460&vendorItemId=93606630951&q=%EC%8A%A4%ED%85%8C%EC%9D%B4%ED%81%AC%EC%9A%A9%20%EC%95%88%EC%8B%AC&searchId=fd4c7a1d48845&sourceType=search&itemsCount=36&searchRank=15&rank=15)\n*   [![Image 81: 한우맘 한우 안심 1등급 구이용 (냉장), 200g, 1개](https://thumbnail.coupangcdn.com/thumbnails/remote/320x320ex/image/retail/images/423529516559393-06320a28-77d4-4942-81cd-2a492c64ca8a.jpg) 한우맘 한우 안심 1등급 구이용 (냉장), 200g, 1개 ~~35,760원~~ 36% 22,780원 (100g당 11,390원) ![Image 82](https://image.coupangcdn.com/image/badges/falcon/v1/web/rocket-fresh@2x.png) 오늘(토) 도착 보장 4.5 (248)](https://www.coupang.com/vp/products/8263262064?itemId=23807049464&vendorItemId=90830891267&q=%EC%8A%A4%ED%85%8C%EC%9D%B4%ED%81%AC%EC%9A%A9%20%EC%95%88%EC%8B%AC&searchId=fd4c7a1d48845&sourceType=search&itemsCount=36&searchRank=16&rank=16)\n*   [![Image 83: 이로우 국내산 무항생제 소고기 안심 스테이크용 (냉장), 200g, 1개](https://thumbnail.coupangcdn.com/thumbnails/remote/320x320ex/image/retail/images/2020/09/25/18/1/2428904f-bb51-48c3-a85c-3dc0792a8541.jpg) 이로우 국내산 무항생제 소고기 안심 스테이크용 (냉장), 200g, 1개 23,300원 (100g당 11,650원) ![Image 84](https://image.coupangcdn.com/image/badges/falcon/v1/web/rocket-fresh@2x.png) 오늘(토) 도착 보장 4.5 (870)](https://www.coupang.com/vp/products/2175244990?itemId=3701410400&vendorItemId=71686697280&q=%EC%8A%A4%ED%85%8C%EC%9D%B4%ED%81%AC%EC%9A%A9%20%EC%95%88%EC%8B%AC&searchId=fd4c7a1d48845&sourceType=search&itemsCount=36&searchRank=17&rank=17)\n*   [![Image 85: 농협안심한우 안심 1+등급 구이용 (냉장), 200g, 1개](https://thumbnail.coupangcdn.com/thumbnails/remote/320x320ex/image/retail/images/5490453203704712-5a98c40b-a303-43ce-b9c2-59c6ab6b7212.jpg) 농협안심한우 안심 1+등급 구이용 (냉장), 200g, 1개 ~~37,760원~~ 33% 25,240원 (100g당 12,620원) ![Image 86](https://image.coupangcdn.com/image/badges/falcon/v1/web/rocket-fresh@2x.png) 오늘(토) 도착 보장 4.5 (899)](https://www.coupang.com/vp/products/7073094088?itemId=17571202904&vendorItemId=84737944811&q=%EC%8A%A4%ED%85%8C%EC%9D%B4%ED%81%AC%EC%9A%A9%20%EC%95%88%EC%8B%AC&searchId=fd4c7a1d48845&sourceType=search&itemsCount=36&searchRank=18&rank=18)\n*   [![Image 87: 프리미엄 안창살 시즈닝 스테이크 2인분, 1개, 600g](https://thumbnail.coupangcdn.com/thumbnails/remote/320x320ex/image/vendor_inventory/1da6/d2281ffbc575279b731c7566ac6b5146b7bab0f3ee9edb7a277f43c61af0.png) 프리미엄 안창살 시즈닝 스테이크 2인분, 1개, 600g 할인~~59,000원~~ 66% 19,900원 (100g당 3,317원) 12/2(화) 도착 예정 무료배송 ∙ 오늘출발 4.5 (72) 쿠팡으로부터 광고 서비스를 구매한 제휴업체의 판매상품으로 일반 상품보다 우선 정렬됩니다. AD](https://www.coupang.com/vp/products/8591683884?itemId=24911447235&vendorItemId=91917861829&sourceType=srp_product_ads&clickEventId=45237240-cc7b-11f0-bbb3-21a5dbeb7364&korePlacement=15&koreSubPlacement=20&clickEventId=45237240-cc7b-11f0-bbb3-21a5dbeb7364&korePlacement=15&koreSubPlacement=20)\n*   [![Image 88: [이겼소] 국내산 냉장 안심 소고기 1kg 덩어리, 1개](https://thumbnail.coupangcdn.com/thumbnails/remote/320x320ex/image/vendor_inventory/8015/4e1e063e7a0c6d513e09662f0b93a54b3de284850aa782da78260ae61eea.png) [이겼소] 국내산 냉장 안심 소고기 1kg 덩어리, 1개 ~~62,900원~~ 4% 59,900원 (100g당 5,990원) 12/2(화) 도착 예정 무료배송 ∙ 오늘출발 4.5 (93) 쿠팡으로부터 광고 서비스를 구매한 제휴업체의 판매상품으로 일반 상품보다 우선 정렬됩니다. AD](https://www.coupang.com/vp/products/7658301985?itemId=20395447897&vendorItemId=82461924091&sourceType=srp_product_ads&clickEventId=45237240-cc7b-11f0-bd77-f7ec4d27d54d&korePlacement=15&koreSubPlacement=21&clickEventId=45237240-cc7b-11f0-bd77-f7ec4d27d54d&korePlacement=15&koreSubPlacement=21)\n*   [![Image 89: 호주산 소고기 안심 스테이크용 (냉장), 150g, 1개](https://thumbnail.coupangcdn.com/thumbnails/remote/320x320ex/image/retail/images/2374022086606068-03b45249-6811-4f3f-8051-e5903f7b5d04.jpg) 호주산 소고기 안심 스테이크용 (냉장), 150g, 1개 ~~19,000원~~ 41% 11,070원 (100g당 7,380원) ![Image 90](https://image.coupangcdn.com/image/badges/falcon/v1/web/rocket-fresh@2x.png) 오늘(토) 도착 보장 4.5 (850)](https://www.coupang.com/vp/products/8308632346?itemId=23972924464&vendorItemId=90994261389&q=%EC%8A%A4%ED%85%8C%EC%9D%B4%ED%81%AC%EC%9A%A9%20%EC%95%88%EC%8B%AC&searchId=fd4c7a1d48845&sourceType=search&itemsCount=36&searchRank=21&rank=21)\n*   [![Image 91: 호주산 안심 메가 스테이크용 (냉장), 1.1kg, 1개](https://thumbnail.coupangcdn.com/thumbnails/remote/320x320ex/image/retail/images/1225246030852388-fa857f59-d2dc-45f9-8317-ba0bd6893912.jpg) 호주산 안심 메가 스테이크용 (냉장), 1.1kg, 1개 ~~92,900원~~ 19% 74,610원 (100g당 6,783원) ![Image 92](https://image.coupangcdn.com/image/badges/falcon/v1/web/rocket-fresh@2x.png) 내일(일) 새벽 도착 보장 4.5 (377) 쿠팡으로부터 광고 서비스를 구매한 제휴업체의 판매상품으로 일반 상품보다 우선 정렬됩니다. AD](https://www.coupang.com/vp/products/7216851629?itemId=18278217119&vendorItemId=85424229472&sourceType=srp_product_ads&clickEventId=45237240-cc7b-11f0-91bb-5d91d8a2acb8&korePlacement=15&koreSubPlacement=23&clickEventId=45237240-cc7b-11f0-91bb-5d91d8a2acb8&korePlacement=15&koreSubPlacement=23)\n*   [![Image 93: 미국산 초이스등급 세절 구이용 안심 200g x 2팩 (2-3인분), 2개](https://thumbnail.coupangcdn.com/thumbnails/remote/320x320ex/image/vendor_inventory/58e5/49fccf86e8d5bd347dc724571881de725eae2d22bdc6fc9f9c483ecfb49e.jpg) 미국산 초이스등급 세절 구이용 안심 200g x 2팩 (2-3인분), 2개 쿠폰할인~~27,750원~~ 33% 18,500원 (100g당 4,625원) 12/3(수) 도착 예정 무료배송](https://www.coupang.com/vp/products/9181870125?itemId=27078947977&vendorItemId=94047218075&q=%EC%8A%A4%ED%85%8C%EC%9D%B4%ED%81%AC%EC%9A%A9%20%EC%95%88%EC%8B%AC&searchId=fd4c7a1d48845&sourceType=search&itemsCount=36&searchRank=23&rank=23)\n*   [![Image 94: 미트엔조이 호주산 안심 스테이크 (냉장), 150g, 4개](https://thumbnail.coupangcdn.com/thumbnails/remote/320x320ex/image/retail/images/162513a3-bed4-4eea-a3c9-a1d594ec292e6650428623529804713.png)414원 캐시 적립 미트엔조이 호주산 안심 스테이크 (냉장), 150g, 4개 42,400원 (100g당 7,067원) 1,000원 와우 가입 쿠폰 ![Image 95](https://image.coupangcdn.com/image/badges/falcon/v1/web/rocket-fresh@2x.png) 오늘(토) 도착 보장 4.5 (7046)](https://www.coupang.com/vp/products/1131265475?itemId=19224579859&vendorItemId=86341242734&q=%EC%8A%A4%ED%85%8C%EC%9D%B4%ED%81%AC%EC%9A%A9%20%EC%95%88%EC%8B%AC&searchId=fd4c7a1d48845&sourceType=search&itemsCount=36&searchRank=24&rank=24)\n*   [![Image 96: 목우촌 국내산 소고기 안심 스테이크용 (냉장), 300g, 2개](https://thumbnail.coupangcdn.com/thumbnails/remote/320x320ex/image/retail/images/b51b328d-056c-4773-a4b1-9dfcc6d289558267042758503363155.png) 목우촌 국내산 소고기 안심 스테이크용 (냉장), 300g, 2개 ~~99,980원~~ 42% 57,900원 (100g당 9,650원) ![Image 97](https://image.coupangcdn.com/image/badges/falcon/v1/web/rocket-fresh@2x.png) 오늘(토) 도착 보장 5 (2069)](https://www.coupang.com/vp/products/6853353255?itemId=25240311206&vendorItemId=92236378161&q=%EC%8A%A4%ED%85%8C%EC%9D%B4%ED%81%AC%EC%9A%A9%20%EC%95%88%EC%8B%AC&searchId=fd4c7a1d48845&sourceType=search&itemsCount=36&searchRank=25&rank=25)\n*   [![Image 98: 호주산 우안심 스테이크용 (냉장), 300g, 4팩](https://thumbnail.coupangcdn.com/thumbnails/remote/320x320ex/image/retail/images/d226f097-c3fe-4735-88da-152ade508b876314797427696599616.png) 호주산 우안심 스테이크용 (냉장), 300g, 4팩 63,880원 (100g당 5,323원) ![Image 99](https://image.coupangcdn.com/image/badges/falcon/v1/web/rocket-fresh@2x.png) 오늘(토) 도착 보장 4.5 (3920) 품절임박](https://www.coupang.com/vp/products/1524431303?itemId=25295812629&vendorItemId=92291131861&q=%EC%8A%A4%ED%85%8C%EC%9D%B4%ED%81%AC%EC%9A%A9%20%EC%95%88%EC%8B%AC&searchId=fd4c7a1d48845&sourceType=search&itemsCount=36&searchRank=26&rank=26)\n*   [![Image 100: 목우촌 국내산 소고기 안심 (냉장), 300g, 2개](https://thumbnail.coupangcdn.com/thumbnails/remote/320x320ex/image/retail/images/7cab4590-3ce1-46b5-b48c-16cc29f5b0eb4701291726938897844.png) 목우촌 국내산 소고기 안심 (냉장), 300g, 2개 57,900원 (100g당 9,650원) ![Image 101](https://image.coupangcdn.com/image/badges/falcon/v1/web/rocket-fresh@2x.png) 오늘(토) 도착 보장 4.5 (7855)](https://www.coupang.com/vp/products/1267767183?itemId=25240310870&vendorItemId=92236377943&q=%EC%8A%A4%ED%85%8C%EC%9D%B4%ED%81%AC%EC%9A%A9%20%EC%95%88%EC%8B%AC&searchId=fd4c7a1d48845&sourceType=search&itemsCount=36&searchRank=27&rank=27)\n*   [![Image 102: 우마왕 한우 안심 스테이크용 1++ 구이용 소고기, 1개, 200g](https://thumbnail.coupangcdn.com/thumbnails/remote/320x320ex/image/vendor_inventory/c68b/ecdfcd6ae101092a03e0272b7bdc404ab9c96504e9b4ac64d23da0f5bca2.jpg) 우마왕 한우 안심 스테이크용 1++ 구이용 소고기, 1개, 200g 쿠폰할인· 20:02:50~~76,000원~~ 34% 49,500원 (100g당 24,750원) 12/2(화) 도착 예정 무료배송 ∙ 오늘출발 ∙ 무료반품 4.5 (2)](https://www.coupang.com/vp/products/9122025719?itemId=26832854866&vendorItemId=93802902802&q=%EC%8A%A4%ED%85%8C%EC%9D%B4%ED%81%AC%EC%9A%A9%20%EC%95%88%EC%8B%AC&searchId=fd4c7a1d48845&sourceType=search&itemsCount=36&searchRank=28&rank=28)\n*   [![Image 103: 도담우 국내산 안심 소고기 안심스테이크 구이용 (와사비솔트 증정), 1개, 200g](https://thumbnail.coupangcdn.com/thumbnails/remote/320x320ex/image/vendor_inventory/757c/861892af05ed21b10366bd589d678df1888ed616b58ae4ad4cf678bba985.png) 도담우 국내산 안심 소고기 안심스테이크 구이용 (와사비솔트 증정), 3개, 200g ~~58,000원~~ 6% 54,000원 (100g당 9,000원) 12/2(화) 도착 예정 무료배송 ∙ 오늘출발 4.5 (15)](https://www.coupang.com/vp/products/9021041693?itemId=26449903814&vendorItemId=93425381661&q=%EC%8A%A4%ED%85%8C%EC%9D%B4%ED%81%AC%EC%9A%A9%20%EC%95%88%EC%8B%AC&searchId=fd4c7a1d48845&sourceType=search&itemsCount=36&searchRank=29&rank=29)\n*   [![Image 104: 도담우 국내산 안심 소고기 안심스테이크 구이용 (와사비솔트 증정), 1개, 200g](https://thumbnail.coupangcdn.com/thumbnails/remote/320x320ex/image/vendor_inventory/757c/861892af05ed21b10366bd589d678df1888ed616b58ae4ad4cf678bba985.png) 도담우 국내산 안심 소고기 안심스테이크 구이용 (와사비솔트 증정), 1개, 200g ~~24,000원~~ 16% 20,000원 (100g당 10,000원) 12/2(화) 도착 예정 무료배송 ∙ 오늘출발 4.5 (15)](https://www.coupang.com/vp/products/9021041693?itemId=26449903797&vendorItemId=93425381660&q=%EC%8A%A4%ED%85%8C%EC%9D%B4%ED%81%AC%EC%9A%A9%20%EC%95%88%EC%8B%AC&searchId=fd4c7a1d48845&sourceType=search&itemsCount=36&searchRank=30&rank=30)\n*   [![Image 105: 1++ 한우 투뿔 모듬세트 600g 구이용 최고급, 1개](https://thumbnail.coupangcdn.com/thumbnails/remote/320x320ex/image/vendor_inventory/88f2/a913a1e3d80a010a1aef581b6c2553946d31726d01ecd391db112c92ef03.png) 1++ 한우 투뿔 모듬세트 600g 구이용 최고급, 1개 할인~~150,000원~~ 57% 64,000원 (1세트당 64,000원) 12/2(화) 도착 예정 무료배송 ∙ 오늘출발 4.5 (484) 쿠팡으로부터 광고 서비스를 구매한 제휴업체의 판매상품으로 일반 상품보다 우선 정렬됩니다. AD](https://www.coupang.com/vp/products/8597589368?itemId=24929521094&vendorItemId=91935697992&sourceType=srp_product_ads&clickEventId=45239950-cc7b-11f0-a6ce-75bbd2509194&korePlacement=15&koreSubPlacement=37&clickEventId=45239950-cc7b-11f0-a6ce-75bbd2509194&korePlacement=15&koreSubPlacement=37)\n*   [![Image 106: 도담우 국내산 채끝 소고기 채끝등심 숙성채끝 채끝스테이크 구이용 (와사비솔트 증정), 1개, 200g](https://thumbnail.coupangcdn.com/thumbnails/remote/320x320ex/image/vendor_inventory/8e55/d60431832548737d68f88587744422c56302e75b651dfc59c2bb47bf3799.jpg) 도담우 국내산 채끝 소고기 채끝등심 숙성채끝 채끝스테이크 구이용 (와사비솔트 증정), 1개, 200g 할인· 09:12:50~~20,000원~~ 23% 15,300원 (100g당 7,650원) 12/2(화) 도착 예정 무료배송 ∙ 오늘출발 5 (12) 품절임박 쿠팡으로부터 광고 서비스를 구매한 제휴업체의 판매상품으로 일반 상품보다 우선 정렬됩니다. AD](https://www.coupang.com/vp/products/8949870036?itemId=26178389620&vendorItemId=94121723433&sourceType=srp_product_ads&clickEventId=45239950-cc7b-11f0-9576-acecc7b1c5e0&korePlacement=15&koreSubPlacement=38&clickEventId=45239950-cc7b-11f0-9576-acecc7b1c5e0&korePlacement=15&koreSubPlacement=38)\n*   [![Image 107: 프리미엄 호주산 부채살 슬라이스 구이용 스테이크용, 1개, 1kg](https://thumbnail.coupangcdn.com/thumbnails/remote/320x320ex/image/vendor_inventory/64fc/362215844a91435b5e1f66651906a9af074124d48c4b4c2934e529f268d2.jpg) 프리미엄 호주산 부채살 슬라이스 구이용 스테이크용, 1개, 1kg ~~29,300원~~ 20% 23,440원 (100g당 2,344원) 12/4(목) 도착 예정 무료배송 ∙ 무료반품 **단 5개 남음**빨리 주문하세요! 쿠팡으로부터 광고 서비스를 구매한 제휴업체의 판매상품으로 일반 상품보다 우선 정렬됩니다. AD](https://www.coupang.com/vp/products/9179229093?itemId=27066948252&vendorItemId=94035290302&sourceType=srp_product_ads&clickEventId=45239950-cc7b-11f0-b649-683b90d263f2&korePlacement=15&koreSubPlacement=40&clickEventId=45239950-cc7b-11f0-b649-683b90d263f2&korePlacement=15&koreSubPlacement=40)\n*   [![Image 108: [마블플러스] 뉴질랜드 안심 원육 자연방목 목초사육 캠핑용 가정용 홈파티용, 1개](https://thumbnail.coupangcdn.com/thumbnails/remote/320x320ex/image/vendor_inventory/a524/28ba277da2d8ee9c4fbf4bff7b141300f6c3bad27fd6b41c379e9fae4277.jpg) [마블플러스] 뉴질랜드 안심 원육 자연방목 목초사육 캠핑용 가정용 홈파티용, 1개 할인· 09:12:50~~108,900원~~ 16% 90,900원 (100g당 6,060원) 12/3(수) 도착 예정 무료배송 4.5 (117) **단 2개 남음**빨리 주문하세요! 쿠팡으로부터 광고 서비스를 구매한 제휴업체의 판매상품으로 일반 상품보다 우선 정렬됩니다. AD](https://www.coupang.com/vp/products/6134703372?itemId=17107152697&vendorItemId=84280916644&sourceType=srp_product_ads&clickEventId=45239950-cc7b-11f0-a4c0-83e8ce357681&korePlacement=15&koreSubPlacement=41&clickEventId=45239950-cc7b-11f0-a4c0-83e8ce357681&korePlacement=15&koreSubPlacement=41)\n*   [![Image 109: [무료배송]소안심(원육)1.4kg~2.1kg /업소용/도매/청정뉴질랜드 목초사육 소고기 /이유식./다이어트/스테이크/안심스테이크, 소안심(원육)1.6kg, 1개](https://thumbnail.coupangcdn.com/thumbnails/remote/320x320ex/image/vendor_inventory/c5cb/9740b3d650cba2f015bcb6c3560c2a3f9be0b95fbb881530d9e5dd354882.jpg) [무료배송]소안심(원육)1.4kg~2.1kg /업소용/도매/청정뉴질랜드 목초사육 소고기 /이유식./다이어트/스테이크/안심스테이크, 소안심(원육)1.6kg, 1개 ~~100,000원~~ 12% 88,000원 (100g당 5,500원) 12/2(화) 도착 예정 무료배송 ∙ 오늘출발 4.5 (220) 쿠팡으로부터 광고 서비스를 구매한 제휴업체의 판매상품으로 일반 상품보다 우선 정렬됩니다. AD](https://www.coupang.com/vp/products/7686948263?itemId=20545642577&vendorItemId=82143477485&sourceType=srp_product_ads&clickEventId=45239950-cc7b-11f0-8678-607c3c37d4ab&korePlacement=15&koreSubPlacement=43&clickEventId=45239950-cc7b-11f0-8678-607c3c37d4ab&korePlacement=15&koreSubPlacement=43)\n\n[](https://www.coupang.com/np/search?q=%EC%8A%A4%ED%85%8C%EC%9D%B4%ED%81%AC%EC%9A%A9%20%EC%95%88%EC%8B%AC#)[](https://www.coupang.com/np/search?q=%EC%8A%A4%ED%85%8C%EC%9D%B4%ED%81%AC%EC%9A%A9%20%EC%95%88%EC%8B%AC#)\n\n같이 보면 좋은 상품\n\n광고\n\n![Image 110](http://static.coupangcdn.com/image/cmg/icon/dco/ad_icon.png)\n\n![Image 111](https://thumbnail3.coupangcdn.com/thumbnails/remote/292x292q65ex/image/vendor_inventory/757c/861892af05ed21b10366bd589d678df1888ed616b58ae4ad4cf678bba985.png)\n\n무료배송\n\n도담우 국내산 안심 소고기 안심스테이크 구이용 (와사비솔트 증정), 1개, 200g\n\n24,000원\n\n20,000원\n\n(100g당 10,000원)\n\n12/2(화) 도착 예정\n\n(15)\n\n![Image 112](http://image5.coupangcdn.com/image/badges/cashback/aos/xxxhdpi/list_cash_icon.png)\n\n최대 1,000원 적립\n\n![Image 113](https://thumbnail3.coupangcdn.com/thumbnails/remote/292x292q65ex/image/retail/images/2019/05/14/15/2/d49d9f76-b9ba-494a-8d66-e1fd289a1a2f.jpg)\n\n미트엔조이 미국산 프라임 등심 스테이크 (냉장), 500g, 1개\n\n29,900원\n\n23,740원\n\n(100g당 4,748원)\n\n![Image 114](http://image14.coupangcdn.com/image/coupang/rds/logo/xxxhdpi/logo_fresh_medium.png)\n\n오늘(토) 도착 보장\n\n(9,999+)\n\n![Image 115](http://image1.coupangcdn.com/image/badges/cashback/aos/xxxhdpi/list_cash_icon.png)\n\n최대 1,187원 적립\n\n![Image 116](https://thumbnail6.coupangcdn.com/thumbnails/remote/292x292q65ex/image/vendor_inventory/7990/4898c5bb90dcb5be57f3e8cf4062f7b04a7f6064d84d91ac673472d957a7.jpg)\n\n[마블플러스] 뉴질랜드 안심 스테이크 4cm 목초사육 청정우 다이어트 소고기, 뉴질랜드 안심 스테이크 4cm 160g, 1개\n\n18,900원\n\n17,400원\n\n(100g당 10,875원)\n\n12/2(화) 도착 예정\n\n(140)\n\n![Image 117](http://image4.coupangcdn.com/image/badges/cashback/aos/xxxhdpi/list_cash_icon.png)\n\n최대 870원 적립\n\n![Image 118](https://thumbnail6.coupangcdn.com/thumbnails/remote/292x292q65ex/image/vendor_inventory/cc14/a91004175c35a00bd5b737dbecd3ba99050947748d479ec151b360bfe378.jpg)\n\n무료배송\n\n한우왕 한우 안심 1등급 600g 소고기 (등급선택가능), 1개, 안심 1++등급 600g\n\n75,100원\n\n(100g당 12,517원)\n\n12/2(화) 도착 예정\n\n(179)\n\n![Image 119](http://image7.coupangcdn.com/image/badges/cashback/aos/xxxhdpi/list_cash_icon.png)\n\n최대 3,755원 적립\n\n![Image 120](https://thumbnail13.coupangcdn.com/thumbnails/remote/292x292q65ex/image/vendor_inventory/8015/4e1e063e7a0c6d513e09662f0b93a54b3de284850aa782da78260ae61eea.png)\n\n무료배송\n\n[이겼소] 국내산 냉장 안심 소고기 1kg 덩어리, 1개\n\n62,900원\n\n59,900원\n\n(100g당 5,990원)\n\n12/2(화) 도착 예정\n\n(93)\n\n![Image 121](http://image11.coupangcdn.com/image/badges/cashback/aos/xxxhdpi/list_cash_icon.png)\n\n최대 2,995원 적립\n\n![Image 122](https://thumbnail4.coupangcdn.com/thumbnails/remote/292x292q65ex/image/vendor_inventory/6fdb/9de077edf9f522d13fa3cdc944d280b2f0611e1d0f01c5a962d3ef3a28b4.jpg)\n\n무료배송\n\n[마블플러스] 호주산 안심 원육 냉동 호주청정우 캠핑용 가정용 홈파티용, ★(냉동) 안심 원물 2kg, 1개\n\n63%\n\n300,000원\n\n110,900원\n\n(100g당 5,545원)\n\n12/3(수) 도착 예정\n\n(18)\n\n![Image 123](http://image5.coupangcdn.com/image/badges/cashback/aos/xxxhdpi/list_cash_icon.png)\n\n최대 5,545원 적립\n\n![Image 124](https://thumbnail12.coupangcdn.com/thumbnails/remote/292x292q65ex/image/vendor_inventory/8e55/d60431832548737d68f88587744422c56302e75b651dfc59c2bb47bf3799.jpg)\n\n무료배송\n\n도담우 국내산 채끝 소고기 채끝등심 숙성채끝 채끝스테이크 구이용 (와사비솔트 증정), 2개, 200g\n\n33,000원\n\n27,590원\n\n(100g당 6,898원)\n\n12/2(화) 도착 예정\n\n(12)\n\n![Image 125](http://image8.coupangcdn.com/image/badges/cashback/aos/xxxhdpi/list_cash_icon.png)\n\n최대 1,380원 적립\n\n이전[1](https://www.coupang.com/np/search?q=%EC%8A%A4%ED%85%8C%EC%9D%B4%ED%81%AC%EC%9A%A9+%EC%95%88%EC%8B%AC&page=1)[2](https://www.coupang.com/np/search?q=%EC%8A%A4%ED%85%8C%EC%9D%B4%ED%81%AC%EC%9A%A9+%EC%95%88%EC%8B%AC&page=2)[3](https://www.coupang.com/np/search?q=%EC%8A%A4%ED%85%8C%EC%9D%B4%ED%81%AC%EC%9A%A9+%EC%95%88%EC%8B%AC&page=3)[4](https://www.coupang.com/np/search?q=%EC%8A%A4%ED%85%8C%EC%9D%B4%ED%81%AC%EC%9A%A9+%EC%95%88%EC%8B%AC&page=4)[5](https://www.coupang.com/np/search?q=%EC%8A%A4%ED%85%8C%EC%9D%B4%ED%81%AC%EC%9A%A9+%EC%95%88%EC%8B%AC&page=5)[다음](https://www.coupang.com/np/search?q=%EC%8A%A4%ED%85%8C%EC%9D%B4%ED%81%AC%EC%9A%A9+%EC%95%88%EC%8B%AC&page=2 \"다음\")\n\n이 상품을 검색한 다른 분들이 함께 본 상품\n------------------------\n\n이전 상품 보기\n\n*   [![Image 126: 호주산 안심 메가 스테이크용 (냉장), 1.1kg, 1개](https://thumbnail.coupangcdn.com/thumbnails/remote/292x292ex/image/retail/images/1225246030852388-fa857f59-d2dc-45f9-8317-ba0bd6893912.jpg) 호주산 안심 메가 스테이크용 (냉장), 1.1kg, 1개 **74,610원**(100g당 6,783원) ![Image 127](https://image.coupangcdn.com/image/coupang/rds/logo/xhdpi/logo_fresh_medium.png) 4.5 (377)](https://www.coupang.com/vp/products/7216851629?vendorItemId=85424229472&sourceType=srp_also_viewed_item&rmdId=5e7e71e2c7b643a18fa4c82c50d0949a&eventLabel=recommendation_widget_pc_srp_001&platform=web&rmdABTestInfo=88611_A,14554_C,88610_B,91997_B,91996_B&rmdValue=p5351664081:vt-1.0.0:p7216851629 \"호주산 안심 메가 스테이크용 (냉장), 1.1kg, 1개\")\n*   [![Image 128: 미국산 초이스 안심 스테이크용 (냉장), 1개, 1kg](https://thumbnail.coupangcdn.com/thumbnails/remote/292x292ex/image/rs_quotation_api/clf8znww/f7a836383d44416790ee0b406ad322fa.jpg) 미국산 초이스 안심 스테이크용 (냉장), 1개, 1kg **89,140원**(100g당 8,914원) ![Image 129](https://image.coupangcdn.com/image/coupang/rds/logo/xhdpi/logo_fresh_medium.png) 5 (36)](https://www.coupang.com/vp/products/8769040552?vendorItemId=92496824068&sourceType=srp_also_viewed_item&rmdId=5e7e71e2c7b643a18fa4c82c50d0949a&eventLabel=recommendation_widget_pc_srp_001&platform=web&rmdABTestInfo=88611_A,14554_C,88610_B,91997_B,91996_B&rmdValue=p5351664081:vt-1.0.0:p8769040552 \"미국산 초이스 안심 스테이크용 (냉장), 1개, 1kg\")\n*   [![Image 130: [무료배송]소안심(원육)1.4kg~2.1kg /업소용/도매/청정뉴질랜드 목초사육 소고기 /이유식./다이어트/스테이크/안심스테이크, 소안심(원육)1.4kg, 1개](https://thumbnail.coupangcdn.com/thumbnails/remote/292x292ex/image/vendor_inventory/c5cb/9740b3d650cba2f015bcb6c3560c2a3f9be0b95fbb881530d9e5dd354882.jpg) [무료배송]소안심(원육)1.4kg~2.1kg /업소용/도매/청정뉴질랜드 목초사육 소고기 /이유식./다이어트/스테이크/안심스테이크, 소안심(원육)1.4kg, 1개 **77,000원**(100g당 5,500원) 4.5 (220)](https://www.coupang.com/vp/products/7686948263?vendorItemId=82143477490&sourceType=srp_also_viewed_item&rmdId=5e7e71e2c7b643a18fa4c82c50d0949a&eventLabel=recommendation_widget_pc_srp_001&platform=web&rmdABTestInfo=88611_A,14554_C,88610_B,91997_B,91996_B&rmdValue=p5351664081:vt-1.0.0:p7686948263 \"[무료배송]소안심(원육)1.4kg~2.1kg /업소용/도매/청정뉴질랜드 목초사육 소고기 /이유식./다이어트/스테이크/안심스테이크, 소안심(원육)1.4kg, 1개\")\n*   [![Image 131: 미국산 소살치살 초이스 리테일팩(원육) (냉장), 2.1kg, 1개](https://thumbnail.coupangcdn.com/thumbnails/remote/292x292ex/image/retail/images/2349963462074482-dc448b95-b945-4e74-9db2-b2ca142912e7.jpg) 미국산 소살치살 초이스 리테일팩(원육) (냉장), 2.1kg, 1개 **62,540원**(100g당 2,978원) ![Image 132](https://image.coupangcdn.com/image/coupang/rds/logo/xhdpi/logo_fresh_medium.png) 4.5 (274)](https://www.coupang.com/vp/products/7166996539?vendorItemId=85202118320&sourceType=srp_also_viewed_item&rmdId=5e7e71e2c7b643a18fa4c82c50d0949a&eventLabel=recommendation_widget_pc_srp_001&platform=web&rmdABTestInfo=88611_A,14554_C,88610_B,91997_B,91996_B&rmdValue=p5351664081:vt-1.0.0:p7166996539 \"미국산 소살치살 초이스 리테일팩(원육) (냉장), 2.1kg, 1개\")\n*   [![Image 133: [직배송/택배배송 KG당 단가상품] 코스트코 미국산 소고기 안심 스테이크용, 1개, 1.16kg](https://thumbnail.coupangcdn.com/thumbnails/remote/292x292ex/image/vendor_inventory/0526/8fe8ef94610397dbb47a5767aed170d52f4317279d6ae9db71d8d31363c5.jpg) [직배송/택배배송 KG당 단가상품] 코스트코 미국산 소고기 안심 스테이크용, 1개, 1.16kg **130,800원**(100g당 11,276원) 4 (14)](https://www.coupang.com/vp/products/6031693094?vendorItemId=78280205299&sourceType=srp_also_viewed_item&rmdId=5e7e71e2c7b643a18fa4c82c50d0949a&eventLabel=recommendation_widget_pc_srp_001&platform=web&rmdABTestInfo=88611_A,14554_C,88610_B,91997_B,91996_B&rmdValue=p5351664081:vt-1.0.0:p6031693094 \"[직배송/택배배송 KG당 단가상품] 코스트코 미국산 소고기 안심 스테이크용, 1개, 1.16kg\")\n*   [![Image 134: [마블플러스] 뉴질랜드 안심 원육 자연방목 목초사육 캠핑용 가정용 홈파티용, 1개](https://thumbnail.coupangcdn.com/thumbnails/remote/292x292ex/image/vendor_inventory/a524/28ba277da2d8ee9c4fbf4bff7b141300f6c3bad27fd6b41c379e9fae4277.jpg) [마블플러스] 뉴질랜드 안심 원육 자연방목 목초사육 캠핑용 가정용 홈파티용, 1개 **90,900원**(100g당 6,060원) 4.5 (117)](https://www.coupang.com/vp/products/6134703372?vendorItemId=84280916644&sourceType=srp_also_viewed_item&rmdId=5e7e71e2c7b643a18fa4c82c50d0949a&eventLabel=recommendation_widget_pc_srp_001&platform=web&rmdABTestInfo=88611_A,14554_C,88610_B,91997_B,91996_B&rmdValue=p5351664081:vt-1.0.0:p6134703372 \"[마블플러스] 뉴질랜드 안심 원육 자연방목 목초사육 캠핑용 가정용 홈파티용, 1개\")\n*   [![Image 135: 뉴질랜드산 소고기 냉동 안심 원육 자연방목 목초사육 캠핑 홈파티 중량별 택1, 1개, 1.4kg](https://thumbnail.coupangcdn.com/thumbnails/remote/292x292ex/image/vendor_inventory/f1fd/650bf0f8193a46bf46471c6fd637d8c838098b04053d3634b9a5c6138c8d.jpg) 뉴질랜드산 소고기 냉동 안심 원육 자연방목 목초사육 캠핑 홈파티 중량별 택1, 1개, 1.4kg **99,900원**(100g당 7,136원) 5 (3)](https://www.coupang.com/vp/products/8934163192?vendorItemId=94011673898&sourceType=srp_also_viewed_item&rmdId=5e7e71e2c7b643a18fa4c82c50d0949a&eventLabel=recommendation_widget_pc_srp_001&platform=web&rmdABTestInfo=88611_A,14554_C,88610_B,91997_B,91996_B&rmdValue=p5351664081:vt-1.0.0:p8934163192 \"뉴질랜드산 소고기 냉동 안심 원육 자연방목 목초사육 캠핑 홈파티 중량별 택1, 1개, 1.4kg\")\n*   [![Image 136: 미트홀 냉동 안심 원육 2kg S등급, 1개](https://thumbnail.coupangcdn.com/thumbnails/remote/292x292ex/image/vendor_inventory/85c4/1d3691c8e58660d3572a2ca516171a3f8db9d50275ae1134bf14b9d77dd4.jpg) 미트홀 냉동 안심 원육 2kg S등급, 1개 **97,000원**(100g당 4,850원) 4 (83)](https://www.coupang.com/vp/products/7743784621?vendorItemId=4579172662&sourceType=srp_also_viewed_item&rmdId=5e7e71e2c7b643a18fa4c82c50d0949a&eventLabel=recommendation_widget_pc_srp_001&platform=web&rmdABTestInfo=88611_A,14554_C,88610_B,91997_B,91996_B&rmdValue=p5351664081:vt-1.0.0:p7743784621 \"미트홀 냉동 안심 원육 2kg S등급, 1개\")\n*   [![Image 137: [예담우] 소고기 국내산 냉장 안심 스테이크 로스 구이용 캠핑, 4개, 250g](https://thumbnail.coupangcdn.com/thumbnails/remote/292x292ex/image/vendor_inventory/fc90/27d26dbd2a1c932fc7ddd4aedeadb4deb6d551144cc38b4a0a69a176fb29.jpg) [예담우] 소고기 국내산 냉장 안심 스테이크 로스 구이용 캠핑, 4개, 250g **34,110원**(100g당 3,411원) 4 (183)](https://www.coupang.com/vp/products/8703375562?vendorItemId=92270510007&sourceType=srp_also_viewed_item&rmdId=5e7e71e2c7b643a18fa4c82c50d0949a&eventLabel=recommendation_widget_pc_srp_001&platform=web&rmdABTestInfo=88611_A,14554_C,88610_B,91997_B,91996_B&rmdValue=p5351664081:vt-1.0.0:p8703375562 \"[예담우] 소고기 국내산 냉장 안심 스테이크 로스 구이용 캠핑, 4개, 250g\")\n*   [![Image 138: 호주산 안심, 덩어리, 1kg, 1개](https://thumbnail.coupangcdn.com/thumbnails/remote/292x292ex/image/vendor_inventory/2b3c/76d55012d63a79d44289d45736bd1d327caf58036c984971650c6a4e9404.jpg) 호주산 안심, 덩어리, 1kg, 1개 **90,000원**(100g당 9,000원) 4 (39)](https://www.coupang.com/vp/products/4839184188?vendorItemId=73579645661&sourceType=srp_also_viewed_item&rmdId=5e7e71e2c7b643a18fa4c82c50d0949a&eventLabel=recommendation_widget_pc_srp_001&platform=web&rmdABTestInfo=88611_A,14554_C,88610_B,91997_B,91996_B&rmdValue=p5351664081:vt-1.0.0:p4839184188 \"호주산 안심, 덩어리, 1kg, 1개\")\n*   [![Image 139: 청년고기 소고기 안심 스테이크 큐브 찹스테이크 150g 200g 소포장 호주산 청정우 곡물사육, 호주산 안심 스테이크 150g, 6개](https://thumbnail.coupangcdn.com/thumbnails/remote/292x292ex/image/vendor_inventory/image_audit/stage/manual/4d7e6ae3ff6eab0e51bb12fe3315cb140d96b517e5ed7e3ca7746f4b2b6f_1752632210618.jpg) 청년고기 소고기 안심 스테이크 큐브 찹스테이크 150g 200g 소포장 호주산 청정우 곡물사육, 호주산 안심 스테이크 150g, 6개 **58,990원**(100g당 6,554원) 4.5 (552)](https://www.coupang.com/vp/products/6771752767?vendorItemId=90546762043&sourceType=srp_also_viewed_item&rmdId=5e7e71e2c7b643a18fa4c82c50d0949a&eventLabel=recommendation_widget_pc_srp_001&platform=web&rmdABTestInfo=88611_A,14554_C,88610_B,91997_B,91996_B&rmdValue=p5351664081:vt-1.0.0:p6771752767 \"청년고기 소고기 안심 스테이크 큐브 찹스테이크 150g 200g 소포장 호주산 청정우 곡물사육, 호주산 안심 스테이크 150g, 6개\")\n*   [![Image 140: [이겼소] 국내산 냉장 안심 소고기 1kg 덩어리, 1개](https://thumbnail.coupangcdn.com/thumbnails/remote/292x292ex/image/vendor_inventory/8015/4e1e063e7a0c6d513e09662f0b93a54b3de284850aa782da78260ae61eea.png) [이겼소] 국내산 냉장 안심 소고기 1kg 덩어리, 1개 **59,900원**(100g당 5,990원) 4.5 (93)](https://www.coupang.com/vp/products/7658301985?vendorItemId=82461924091&sourceType=srp_also_viewed_item&rmdId=5e7e71e2c7b643a18fa4c82c50d0949a&eventLabel=recommendation_widget_pc_srp_001&platform=web&rmdABTestInfo=88611_A,14554_C,88610_B,91997_B,91996_B&rmdValue=p5351664081:vt-1.0.0:p7658301985 \"[이겼소] 국내산 냉장 안심 소고기 1kg 덩어리, 1개\")\n*   [![Image 141: [마블플러스] 호주산 안심 원육 냉장 이유식 비프웰링턴 캠핑 소고기 가정 홈파티용 스테이크, 2kg, 1개](https://thumbnail.coupangcdn.com/thumbnails/remote/292x292ex/image/vendor_inventory/11bd/76d445f5c79a25ef8decea81f33a4d75fa472cfd042c97c1aab034658cff.jpg) [마블플러스] 호주산 안심 원육 냉장 이유식 비프웰링턴 캠핑 소고기 가정 홈파티용 스테이크, 2kg, 1개 **173,100원**(100g당 8,655원) 4.5 (16)](https://www.coupang.com/vp/products/9060942722?vendorItemId=84934772498&sourceType=srp_also_viewed_item&rmdId=5e7e71e2c7b643a18fa4c82c50d0949a&eventLabel=recommendation_widget_pc_srp_001&platform=web&rmdABTestInfo=88611_A,14554_C,88610_B,91997_B,91996_B&rmdValue=p5351664081:vt-1.0.0:p9060942722 \"[마블플러스] 호주산 안심 원육 냉장 이유식 비프웰링턴 캠핑 소고기 가정 홈파티용 스테이크, 2kg, 1개\")\n*   [![Image 142: 호주산 안심 스테이크 1kg (200g X 5개), 5개](https://thumbnail.coupangcdn.com/thumbnails/remote/292x292ex/image/vendor_inventory/1348/e5c27b3f0a536aa6537ed04375283ff9c091038dc5c01f69ff243282421e.jpg) 호주산 안심 스테이크 1kg (200g X 5개), 5개 **70,590원**(100g당 7,059원) 4 (245)](https://www.coupang.com/vp/products/7737416719?vendorItemId=93490938322&sourceType=srp_also_viewed_item&rmdId=5e7e71e2c7b643a18fa4c82c50d0949a&eventLabel=recommendation_widget_pc_srp_001&platform=web&rmdABTestInfo=88611_A,14554_C,88610_B,91997_B,91996_B&rmdValue=p5351664081:vt-1.0.0:p7737416719 \"호주산 안심 스테이크 1kg (200g X 5개), 5개\")\n*   [![Image 143: 100%호주산 유기농 인증 목초육 소안심, 1개, 500g](https://thumbnail.coupangcdn.com/thumbnails/remote/292x292ex/image/vendor_inventory/image_audit/stage/manual/5b5f34c3-41df-4fca-bfbd-90cba8e1618b_1751853756400.jpeg) 100%호주산 유기농 인증 목초육 소안심, 1개, 500g **68,000원**(100g당 13,600원) 5 (2)](https://www.coupang.com/vp/products/8844582881?vendorItemId=92767797559&sourceType=srp_also_viewed_item&rmdId=5e7e71e2c7b643a18fa4c82c50d0949a&eventLabel=recommendation_widget_pc_srp_001&platform=web&rmdABTestInfo=88611_A,14554_C,88610_B,91997_B,91996_B&rmdValue=p5351664081:vt-1.0.0:p8844582881 \"100%호주산 유기농 인증 목초육 소안심, 1개, 500g\")\n\n다음 상품 보기\n\n[회사소개](https://news.coupang.com/)[Investor Relations](https://ir.aboutcoupang.com/overview/default.aspx)[인재채용](https://rocketyourcareer.kr.coupang.com/)[입점/제휴문의](https://marketplace.coupangcorp.com/s/?utm_source=button_pc&utm_medium=non_paid&utm_campaign=onsite_ca&utm_id=coupang_app?inflow=WEB_FOOTER_B)[공지사항](https://mc.coupang.com/ssr/desktop/contact/notice)[고객의 소리](https://mc.coupang.com/ssr/desktop/contact/voc)[이용약관](https://www.coupang.com/np/policies/terms)[**개인정보 처리방침**](https://privacy.coupang.com/ko/center/coupang)[정보보호/개인정보보호 인증](https://privacy.coupang.com/ko/security/status)[쿠팡페이 이용약관](https://rocketpay.coupang.com/rocketpay/operationTerms/coupangPcFooter)[신뢰관리센터](https://www.coupang.com/np/safety)[제휴마케팅](https://partners.coupang.com/)[광고안내](https://ads.coupang.com/)\n\nGlobal Site\n\n*   [Coupang Taiwan 酷澎台灣](https://www.tw.coupang.com/)\n\n[![Image 144](https://front.coupangcdn.com/front-web-next/_next/static/media/logo.f2c4ccb2.png)](https://www.coupang.com/ \"COUPANG\")\n\n상호명 및 호스팅 서비스 제공 : 쿠팡(주) \n\n 대표이사 : 박대준 \n\n 서울시 송파구 송파대로 570 \n\n 사업자 등록번호 : 120-88-00767 \n\n 통신판매업신고 : 2017-서울송파-0680 \n\n[사업자정보 확인 >](http://www.ftc.go.kr/info/bizinfo/communicationViewPopup.jsp?wrkr_no=1208800767)\n\n[**365고객센터** | 전자금융거래분쟁처리담당 _1577-7011 (유료)_ 서울시 송파구 송파대로 570 email : help@coupang.com](https://mc.coupang.com/ssr/desktop/contact/inquiry)\n\n**채무지급보증 안내**\n\n 당사는 고객님이 현금 결제한 금액에 대해 \n\n 채무지급보증 계약을 체결하여 \n\n 안전거래를 보장하고 있습니다. \n\n[서비스 가입사실 확인 >](https://www.coupang.com/np/etc/popWooriService)\n\n![Image 145](https://front.coupangcdn.com/front-web-next/_next/static/media/5.73affd35.png)\n\n![Image 146](https://front.coupangcdn.com/front-web-next/_next/static/media/6.901d77a5.png)\n\n사이버몰 내 판매되는 상품 중에는 쿠팡에 등록한 개별 판매자가 판매하는 마켓플레이스(오픈마켓) 상품이 포함되어 있습니다. \n\n 마켓플레이스(오픈마켓) 상품의 경우 쿠팡은 통신판매중개자이며 통신판매의 당사자가 아닙니다. \n\n 쿠팡은 마켓플레이스(오픈마켓) 상품, 거래정보 및 거래 등에 대하여 책임을 지지 않습니다. \n\n 쿠팡은 소비자 보호와 안전거래를 위해 신뢰관리센터(CM112@coupang.com)를 운영하고 있으며, 관련 분쟁이 발생할 경우 별도의 분쟁 처리절차에 의거 분쟁이 처리됩니다. \n\n Copyright © Coupang Corp. 2010-2025 All Rights Reserved.\n\n*   [![Image 147](https://front.coupangcdn.com/front-web-next/_next/static/media/f.34bde318.png)](https://www.facebook.com/Coupang.korea)\n*   [![Image 148](https://front.coupangcdn.com/front-web-next/_next/static/media/b.637cda1c.png)](https://news.coupang.com/)\n*   [![Image 149](https://front.coupangcdn.com/front-web-next/_next/static/media/s.a7aca4ea.png)](https://www.instagram.com/coupang)"
      },
      {
        "platform": "coupang",
        "title": "쿠팡이 추천하는 국내산육우안심스테이크 판매 상품 ...",
        "url": "https://www.coupang.com/np/search?q=%EA%B5%AD%EB%82%B4%EC%82%B0%EC%9C%A1%EC%9A%B0%EC%95%88%EC%8B%AC%EC%8A%A4%ED%85%8C%EC%9D%B4%ED%81%AC%20%ED%8C%90%EB%A7%A4%20%EC%83%81%ED%92%88",
        "snippet": "Image 86: 정육1번가 국내산 냉장 육우 안심 토종소 소고기 스테이크 구이 300g내외, 스테이크용, 1개 정육1번가 국내산 냉장 육우 안심 토종소 소고기 스테이크 구이 300g내외, 스테이크용, 1개 36,000원 (100g당 12,000원) 배송비 3,500원 조건부 무료배송 12/3(수) 도착 예정 5 (1) Image 87: 최대 1,590원 적립최대 1,800원 적립\n   [![Image 88: [소잡는구선생]국내산 안심 스테이크500g 소고기 소안심캠핑고기 비프웰링턴, 안심500g덩어리(원통모양), 1개]( [소잡는구선생]국내산 안심 스테이크500g 소고기 소안심캠핑고기 비프웰링턴, 안심500g덩어리(원통모양), 1개 ~~35,000원~~ 17% 29,000원 (100g당 5,800원) 12/2(화) 도착 예정 무료배송 ∙ 오늘출발 4.5 (718) Image 89: 최대 1,590원 적립최대 1,450원 적립]( [...] Image 179: 한국농수축산 안심 스테이크 청정우 4cm 두께, 1개, 180g 한국농수축산 안심 스테이크 청정우 4cm 두께, 1개, 180g 19,800원(100g당 11,000원) 4.5 (22)\n   [![Image 180: [이겼소] 국내산 냉장 안심 소고기 400g 스테이크용 로스 구이용, 스테이크용 (3센티 전후), 1개]( [이겼소] 국내산 냉장 안심 소고기 400g 스테이크용 로스 구이용, 스테이크용 (3센티 전후), 1개 23,900원(100g당 5,975원) 5 (16)]( \"[이겼소] 국내산 냉장 안심 소고기 400g 스테이크용 로스 구이용, 스테이크용 (3센티 전후), 1개\") [...] [![Image 185: [진천축협]보드런 숙성 한우(암소) 안심 250g 1+등급, 선물포장백 추가, 1개]( [진천축협]보드런 숙성 한우(암소) 안심 250g 1+등급, 선물포장백 추가, 1개 와우할인가 57%96,000원 40,480원 (100g당 16,192원) 12/2(화) 도착 예정 무료배송 99% 남음](\n   Image 186: 베스트밀 호주산 소고기 토시살 구이용 900g (300g x 3팩) 개별포장 스테이크 로스구이, 300g, 3개특가진행중 베스트밀 호주산 소고기 토시살 구이용 900g (300g x 3팩) 개별포장 스테이크 로스구이, 300g, 3개 와우할인가 50%39,000원 19,260원 (100g당 2,118원) 12/2(화) 도착 예정 무료배송 80%(126) 99% 남음",
        "score": 0.58237284,
        "timestamp": "2025-11-29T05:41:09.765644",
        "raw_content": "쿠팡이 추천하는 국내산육우안심스테이크 판매 상품 관련 혜택과 특가\n\n===============\n\n[![Image 1](https://static.coupangcdn.com/ea/cmg_paperboy/image/1646271114206/C0-Left_basic.jpg)](https://www.coupang.com/np/campaigns/82?adType=DA&eventId=kRk2FXtvbXuZNvcZ)[![Image 2](https://static.coupangcdn.com/ya/cmg_paperboy/image/1764139787980/C0.jpg)](https://pages.coupang.com/p/157429?adType=DA&eventId=VYkF5Z0fMW3jai1e)\n\n[X](https://www.coupang.com/np/search?q=%EA%B5%AD%EB%82%B4%EC%82%B0%EC%9C%A1%EC%9A%B0%EC%95%88%EC%8B%AC%EC%8A%A4%ED%85%8C%EC%9D%B4%ED%81%AC%20%ED%8C%90%EB%A7%A4%20%EC%83%81%ED%92%88)\n\n*   [판매자 가입](https://wing.coupang.com/tenants/vendor-signup/signup?utm_source=button_pc_coupang_app_category_3&utm_medium=non_paid&utm_id=onsite_ca&utm_content=20240328)\n*   [고객센터](https://mc.coupang.com/ssr/desktop/contact/faq)\n[자주묻는 질문](https://mc.coupang.com/ssr/desktop/contact/faq)[1:1 채팅문의](https://mc.coupang.com/ssr/desktop/contact/inquiry)[고객의 소리](https://mc.coupang.com/ssr/desktop/contact/voc)[취소 / 반품 안내](https://www.coupang.com/returnPolicy.pang)\n\n*   [회원가입](https://login.coupang.com/login/memberJoinFrm.pang \"회원가입\")\n*   [로그인](https://login.coupang.com/login/login.pang?rtnUrl=https%3A%2F%2Fwww.coupang.com%2Fnp%2Fpost%2Flogin%3Fr%3Dhttp%253A%252F%252Fwww.coupang.com%252Fnp%252Fsearch%253Fq%253D%2525EA%2525B5%2525AD%2525EB%252582%2525B4%2525EC%252582%2525B0%2525EC%25259C%2525A1%2525EC%25259A%2525B0%2525EC%252595%252588%2525EC%25258B%2525AC%2525EC%25258A%2525A4%2525ED%252585%25258C%2525EC%25259D%2525B4%2525ED%252581%2525AC%252B%2525ED%25258C%252590%2525EB%2525A7%2525A4%252B%2525EC%252583%252581%2525ED%252592%252588 \"로그인\")\n*   [즐겨찾기](https://www.coupang.com/np/search?q=%EA%B5%AD%EB%82%B4%EC%82%B0%EC%9C%A1%EC%9A%B0%EC%95%88%EC%8B%AC%EC%8A%A4%ED%85%8C%EC%9D%B4%ED%81%AC%20%ED%8C%90%EB%A7%A4%20%EC%83%81%ED%92%88)\n*   [입점신청](https://www.coupang.com/np/search?q=%EA%B5%AD%EB%82%B4%EC%82%B0%EC%9C%A1%EC%9A%B0%EC%95%88%EC%8B%AC%EC%8A%A4%ED%85%8C%EC%9D%B4%ED%81%AC%20%ED%8C%90%EB%A7%A4%20%EC%83%81%ED%92%88)\n[오픈마켓](https://marketplace.coupangcorp.com/s/?utm_source=button_pc&utm_medium=non_paid&utm_campaign=onsite_ca&utm_id=coupang_app)[여행·티켓](https://with.coupang.com/contract/initialize)[로켓배송](https://supplier.coupang.com/welcome/join)[제휴마케팅](https://partners.coupang.com/)[로켓그로스](https://sell.coupang.com/?utm_source=web_button_pc_rg&utm_medium=referral&utm_campaign=onsite_lead&utm_id=coupang_web?inflow=WEB_HEADER_B)\n\n.\n\n카테고리\n\n쇼핑\n\n티켓\n\n테마관\n\n*   [입점/판매 신청](https://wing.coupang.com/tenants/vendor-signup/signup?utm_source=button_pc_coupang_app_category_3&utm_medium=non_paid&utm_id=onsite_ca&utm_content=20240328)\n\n[![Image 3: Coupang](https://image7.coupangcdn.com/image/coupang/common/logo_coupang_w350.png)](https://www.coupang.com/)\n\n[전체](https://www.coupang.com/np/search?q=%EA%B5%AD%EB%82%B4%EC%82%B0%EC%9C%A1%EC%9A%B0%EC%95%88%EC%8B%AC%EC%8A%A4%ED%85%8C%EC%9D%B4%ED%81%AC%20%ED%8C%90%EB%A7%A4%20%EC%83%81%ED%92%88)\n\n전체삭제 최근검색어끄기\n\n[](https://www.coupang.com/np/search?q=%EA%B5%AD%EB%82%B4%EC%82%B0%EC%9C%A1%EC%9A%B0%EC%95%88%EC%8B%AC%EC%8A%A4%ED%85%8C%EC%9D%B4%ED%81%AC%20%ED%8C%90%EB%A7%A4%20%EC%83%81%ED%92%88)![Image 4](https://front.coupangcdn.com/front-web-next/_next/static/media/search.85cd3dbf.png)\n*   [![Image 5](https://front.coupangcdn.com/front-web-next/_next/static/media/person.07e45e52.png)마이쿠팡](https://mc.coupang.com/ssr/desktop/order/list)\n[주문목록](https://mc.coupang.com/ssr/desktop/order/list)[취소/반품](https://mc.coupang.com/ssr/desktop/cancel-return-exchange/list)[찜 리스트](https://wish-web.coupang.com/wishInitView.pang)\n\n*   [![Image 6](https://front.coupangcdn.com/front-web-next/_next/static/media/cart.ccef8f9e.png)_0_ 장바구니](https://cart.coupang.com/cartView.pang)\n\n  \n\n    *   장바구니에 담긴 상품이 없습니다.\n\n[장바구니 전체보기](https://cart.coupang.com/cartView.pang)\n\n[](https://www.coupang.com/np/search?q=%EA%B5%AD%EB%82%B4%EC%82%B0%EC%9C%A1%EC%9A%B0%EC%95%88%EC%8B%AC%EC%8A%A4%ED%85%8C%EC%9D%B4%ED%81%AC%20%ED%8C%90%EB%A7%A4%20%EC%83%81%ED%92%88)\n\n*   [![Image 7: 쿠팡플레이](https://image.coupangcdn.com/image/coupang/home/icons/web/kr/coupang-play.png)쿠팡플레이](https://www.coupangplay.com/catalog)\n*   [![Image 8: 로켓배송](https://image.coupangcdn.com/image/coupang/home/icons/web/kr/rocket-delivery.png)로켓배송](https://www.coupang.com/np/campaigns/82)\n*   [![Image 9: 로켓프레시](https://image.coupangcdn.com/image/coupang/home/icons/web/kr/rocket-fresh.png)로켓프레시](https://www.coupang.com/np/categories/393760)\n*   [![Image 10: 크리스마스](https://image.coupangcdn.com/image/coupang/home/icons/Christmas/Christmas_PC_2025.png)크리스마스](https://pages.coupang.com/p/158677)\n*   [![Image 11: 다시 구매](https://image.coupangcdn.com/image/coupang/common/fbi_icon_3x.png)다시 구매](https://www.coupang.com/np/fbi?sourceType=home_section_fbi)\n*   [![Image 12: 쿠팡비즈](https://image.coupangcdn.com/image/coupang/home/icons/web/kr/biz.png)쿠팡비즈](https://login.coupang.com/corporation/member/landing-page)\n*   [![Image 13: 로켓직구](https://image.coupangcdn.com/image/coupang/home/icons/web/kr/oversea-delivery.png)로켓직구](https://www.coupang.com/np/coupangglobal)\n*   [![Image 14: 골드박스](https://image.coupangcdn.com/image/coupang/home/icons/web/kr/gold-box.png)골드박스](https://pages.coupang.com/p/121237?sourceType=gm_crm_goldbox&subSourceType=gm_crm_gwsrtcut)\n*   [![Image 15: 이달의신상](https://image.coupangcdn.com/image/coupang/home/icons/web/kr/new-item-of-month.png)이달의신상](https://pages.coupang.com/p/136938)\n*   [![Image 16: 판매자특가](https://image.coupangcdn.com/image/coupang/home/icons/web/kr/omp.png)판매자특가](https://www.coupang.com/np/omp)\n*   [![Image 17: 와우회원할인](https://image.coupangcdn.com/image/coupang/home/icons/web/kr/wow.png)와우회원할인](https://www.coupang.com/np/campaigns/83)\n*   [![Image 18: 이벤트/쿠폰](https://image.coupangcdn.com/image/coupang/home/icons/web/kr/benefit.png)이벤트/쿠폰](https://www.coupang.com/np/coupangbenefit)\n*   [![Image 19: 반품마켓](https://image.coupangcdn.com/image/coupang/home/icons/web/kr/returned-market.png)반품마켓](https://pages.coupang.com/p/54908)\n*   [![Image 20: 착한상점](https://image.coupangcdn.com/image/coupang/home/icons/web/kr/sustainable-market.png)착한상점](https://pages.coupang.com/p/63240)\n*   [![Image 21: 기획전](https://image.coupangcdn.com/image/coupang/home/icons/web/kr/event.png)기획전](https://pages.coupang.com/p/bep?sourceType=gm_crm_oms&subSourceType=gm_crm_gwsrtcut)\n*   [![Image 22: 쿠팡트래블](https://image.coupangcdn.com/image/coupang/home/icons/web/kr/travel.png)쿠팡트래블](https://trip.coupang.com/?channel=gnb)\n*   [![Image 23: 입점신청](https://image.coupangcdn.com/image/coupang/home/icons/web/kr/sell-on-coupang.png)입점신청](https://wing.coupang.com/tenants/vendor-signup/signup?utm_source=button_pc_coupang_shortcut_1&utm_medium=non_paid&utm_id=onsite_ca&utm_content=202411)\n\n[](https://www.coupang.com/np/search?q=%EA%B5%AD%EB%82%B4%EC%82%B0%EC%9C%A1%EC%9A%B0%EC%95%88%EC%8B%AC%EC%8A%A4%ED%85%8C%EC%9D%B4%ED%81%AC%20%ED%8C%90%EB%A7%A4%20%EC%83%81%ED%92%88)\n\n[전체](https://www.coupang.com/np/search?q=%EA%B5%AD%EB%82%B4%EC%82%B0%EC%9C%A1%EC%9A%B0%EC%95%88%EC%8B%AC%EC%8A%A4%ED%85%8C%EC%9D%B4%ED%81%AC%20%ED%8C%90%EB%A7%A4%20%EC%83%81%ED%92%88#)\n*   [전체](https://www.coupang.com/np/search?q=%EA%B5%AD%EB%82%B4%EC%82%B0%EC%9C%A1%EC%9A%B0%EC%95%88%EC%8B%AC%EC%8A%A4%ED%85%8C%EC%9D%B4%ED%81%AC%20%ED%8C%90%EB%A7%A4%20%EC%83%81%ED%92%88#)\n\n전체삭제 최근검색어끄기\n\n[](https://www.coupang.com/np/search?q=%EA%B5%AD%EB%82%B4%EC%82%B0%EC%9C%A1%EC%9A%B0%EC%95%88%EC%8B%AC%EC%8A%A4%ED%85%8C%EC%9D%B4%ED%81%AC%20%ED%8C%90%EB%A7%A4%20%EC%83%81%ED%92%88)![Image 24](https://front.coupangcdn.com/front-web-next/_next/static/media/search.85cd3dbf.png)\n\n[](https://www.coupang.com/np/search?q=%EA%B5%AD%EB%82%B4%EC%82%B0%EC%9C%A1%EC%9A%B0%EC%95%88%EC%8B%AC%EC%8A%A4%ED%85%8C%EC%9D%B4%ED%81%AC%20%ED%8C%90%EB%A7%A4%20%EC%83%81%ED%92%88)\n\n*   [![Image 25: 쿠팡플레이](https://image.coupangcdn.com/image/coupang/home/icons/web/kr/coupang-play.png)쿠팡플레이](https://www.coupangplay.com/catalog)\n*   [![Image 26: 로켓배송](https://image.coupangcdn.com/image/coupang/home/icons/web/kr/rocket-delivery.png)로켓배송](https://www.coupang.com/np/campaigns/82)\n*   [![Image 27: 로켓프레시](https://image.coupangcdn.com/image/coupang/home/icons/web/kr/rocket-fresh.png)로켓프레시](https://www.coupang.com/np/categories/393760)\n*   [![Image 28: 크리스마스](https://image.coupangcdn.com/image/coupang/home/icons/Christmas/Christmas_PC_2025.png)크리스마스](https://pages.coupang.com/p/158677)\n*   [![Image 29: 다시 구매](https://image.coupangcdn.com/image/coupang/common/fbi_icon_3x.png)다시 구매](https://www.coupang.com/np/fbi?sourceType=home_section_fbi)\n*   [![Image 30: 쿠팡비즈](https://image.coupangcdn.com/image/coupang/home/icons/web/kr/biz.png)쿠팡비즈](https://login.coupang.com/corporation/member/landing-page)\n*   [![Image 31: 로켓직구](https://image.coupangcdn.com/image/coupang/home/icons/web/kr/oversea-delivery.png)로켓직구](https://www.coupang.com/np/coupangglobal)\n*   [![Image 32: 골드박스](https://image.coupangcdn.com/image/coupang/home/icons/web/kr/gold-box.png)골드박스](https://pages.coupang.com/p/121237?sourceType=gm_crm_goldbox&subSourceType=gm_crm_gwsrtcut)\n*   [![Image 33: 이달의신상](https://image.coupangcdn.com/image/coupang/home/icons/web/kr/new-item-of-month.png)이달의신상](https://pages.coupang.com/p/136938)\n*   [![Image 34: 판매자특가](https://image.coupangcdn.com/image/coupang/home/icons/web/kr/omp.png)판매자특가](https://www.coupang.com/np/omp)\n*   [![Image 35: 와우회원할인](https://image.coupangcdn.com/image/coupang/home/icons/web/kr/wow.png)와우회원할인](https://www.coupang.com/np/campaigns/83)\n*   [![Image 36: 이벤트/쿠폰](https://image.coupangcdn.com/image/coupang/home/icons/web/kr/benefit.png)이벤트/쿠폰](https://www.coupang.com/np/coupangbenefit)\n*   [![Image 37: 반품마켓](https://image.coupangcdn.com/image/coupang/home/icons/web/kr/returned-market.png)반품마켓](https://pages.coupang.com/p/54908)\n*   [![Image 38: 착한상점](https://image.coupangcdn.com/image/coupang/home/icons/web/kr/sustainable-market.png)착한상점](https://pages.coupang.com/p/63240)\n*   [![Image 39: 기획전](https://image.coupangcdn.com/image/coupang/home/icons/web/kr/event.png)기획전](https://pages.coupang.com/p/bep?sourceType=gm_crm_oms&subSourceType=gm_crm_gwsrtcut)\n*   [![Image 40: 쿠팡트래블](https://image.coupangcdn.com/image/coupang/home/icons/web/kr/travel.png)쿠팡트래블](https://trip.coupang.com/?channel=gnb)\n*   [![Image 41: 입점신청](https://image.coupangcdn.com/image/coupang/home/icons/web/kr/sell-on-coupang.png)입점신청](https://wing.coupang.com/tenants/vendor-signup/signup?utm_source=button_pc_coupang_shortcut_1&utm_medium=non_paid&utm_id=onsite_ca&utm_content=202411)\n\n[](https://www.coupang.com/np/search?q=%EA%B5%AD%EB%82%B4%EC%82%B0%EC%9C%A1%EC%9A%B0%EC%95%88%EC%8B%AC%EC%8A%A4%ED%85%8C%EC%9D%B4%ED%81%AC%20%ED%8C%90%EB%A7%A4%20%EC%83%81%ED%92%88)\n\n[장바구니 _0_](https://cart.coupang.com/cartView.pang)\n\n최근본상품 _0_\n\n*   최근본 상품이\n\n없습니다.\n\n/[prev](https://www.coupang.com/np/%EC%9D%B4%EC%A0%84%20%ED%8E%98%EC%9D%B4%EC%A7%80%20%EB%B3%B4%EA%B8%B0)[next](https://www.coupang.com/np/%EB%8B%A4%EC%9D%8C%20%ED%8E%98%EC%9D%B4%EC%A7%80%20%EB%B3%B4%EA%B8%B0)\n\n[![Image 42: Coupang](https://image7.coupangcdn.com/image/coupang/common/logo_coupang_w350.png)](https://www.coupang.com/)\n\n[전체](https://www.coupang.com/np/search?q=%EA%B5%AD%EB%82%B4%EC%82%B0%EC%9C%A1%EC%9A%B0%EC%95%88%EC%8B%AC%EC%8A%A4%ED%85%8C%EC%9D%B4%ED%81%AC%20%ED%8C%90%EB%A7%A4%20%EC%83%81%ED%92%88)\n\n전체삭제 최근검색어끄기\n\n[](https://www.coupang.com/np/search?q=%EA%B5%AD%EB%82%B4%EC%82%B0%EC%9C%A1%EC%9A%B0%EC%95%88%EC%8B%AC%EC%8A%A4%ED%85%8C%EC%9D%B4%ED%81%AC%20%ED%8C%90%EB%A7%A4%20%EC%83%81%ED%92%88)![Image 43](https://front.coupangcdn.com/front-web-next/_next/static/media/search.85cd3dbf.png)\n\n*   [전체](https://www.coupang.com/np/search?q=%EA%B5%AD%EB%82%B4%EC%82%B0%EC%9C%A1%EC%9A%B0%EC%95%88%EC%8B%AC%EC%8A%A4%ED%85%8C%EC%9D%B4%ED%81%AC+%ED%8C%90%EB%A7%A4+%EC%83%81%ED%92%88)\n\n**'국내산육우안심스테이크 판매 상품'**\n\n#### 필터\n\n*   ![Image 44: rocket_luxury,rocket,coupang_global](https://image.coupangcdn.com/image/badges/falcon/v1/web/rocket-all@2x.png) \n\n    *   ![Image 45: rocket_luxury](https://image.coupangcdn.com/image/coupang/rds/logo/iphone_2x/rds_logo_rlux_light_101719300269126@2x.png)만 보기 \n    *   ![Image 46: rocket](https://image.coupangcdn.com/image/badges/falcon/v1/web/txt_rocket@2x.png)만 보기 \n    *   ![Image 47: coupang_global](https://image.coupangcdn.com/image/badges/falcon/v1/web/txt_jikgu@2x.png)만 보기 \n\n*   ![Image 48: top_brand](https://image.coupangcdn.com/image/badges/top_brand/c-avenue.svg) \n*   무료배송 \n\n##### 카테고리\n\n*   [전체](https://www.coupang.com/) \n*   [식품](https://www.coupang.com/np/categories/194276) \n*   [헬스/건강식품](https://www.coupang.com/np/categories/305798) \n*   [쿠팡수입](https://www.coupang.com/np/categories/510691) \n\n##### 브랜드\n\n*   목우촌 \n*   농협안심한우 \n*   gomgom \n\n##### 총 중량\n\n*   300g 이하 \n*   300~500g \n*   500~700g \n*   700~1kg \n*   1~3kg \n*   3kg 이상 \n\n##### 낱개상품 여부\n\n*   낱개상품 \n\n##### 부위\n\n*   채끝 \n*   등심 \n\n##### 보관방식\n\n*   냉장보관 \n*   냉동보관 \n\n##### 한우 등급\n\n*   1++등급 \n*   1+등급 \n*   1등급 \n*   2등급 \n\n##### 용도\n\n*   구이 \n*   찌개 \n*   불고기 \n*   다짐육 \n*   수육/보쌈 \n*   찜 \n*   돈까스 \n*   장조림 \n*   카레 \n\n+ 더보기\n\n##### 가공방식\n\n*   일반 \n*   시즈닝 \n*   양념 \n\n##### 재료\n\n*   고기/해물 \n\n##### 간편식\n\n*   밀키트 \n\n##### 양념\n\n*   양념없음 \n\n##### 종류\n\n*   소 \n\n##### 별점\n\n*   별점 전체 \n*   4점 이상 \n*   3점 이상 \n*   2점 이상 \n*   1점 이상 \n\n##### 가격\n\n*   가격 전체 \n*   2만원 이하 \n*   2만원~4만원 \n*   4만원~6만원 \n*   6만원~8만원 \n*   8만원 이상 \n\n~원 검색 \n\n현재 검색 결과에 만족하셨나요?\n\n어떤 문제가 있었나요?\n\n*   관련 없는 상품이 있어요\n*   추천해준 검색어가 도움이 안 돼요\n*   필터가 도움이 안 돼요\n*   이미지나 정보가 부정확해요\n*   기타 원하는 옵션이 없어요\n\n**'국내산육우안심스테이크 판매 상품'**에 대한 검색결과\n================================\n\n배송비 포함 \n\n*   쿠팡 랭킹순 \n\n설명 \n\n쿠팡 랭킹순은 판매 실적, 고객 선호도, 상품 경쟁력 및\n\n검색 정확도 등을 종합적으로 고려한 것입니다.\n    *   판매 실적 : 상품의 구매 건수\n    *   고객 선호도 : 상품 및 판매자에 대한 고객평가 등\n    *   상품 경쟁력 : 상품 가격, 배송 기간 등\n    *   검색 정확도 : 검색어와 상품 간 연관도 등\n\n이 밖에 쿠팡 랭킹순에는 고객의 편의 및 만족도\n\n향상을 위한 추가적인 요소가 수시로 반영될 수 있습니다.\n\n*   낮은가격순 \n*   높은가격순 \n*   판매량순 \n*   최신순 \n\n*   36 개씩 보기 \n*   48 개씩 보기 \n*   60 개씩 보기 \n*   72 개씩 보기 \n\n필터\n\n![Image 49](https://thumbnail4.coupangcdn.com/thumbnails/remote/292x292q65ex/image/retail/images/f856210d-221a-45a9-ab21-c9f5162e7ae7317043525381587951.png)\n\n안성한우 무항생제 인증 안심 1++등급 (7) 구이용 (냉장), 200g, 2개\n\n![Image 50](http://image10.coupangcdn.com/image/coupang/rds/logo/xxxhdpi/logo_fresh_medium.png)\n\n오늘(토) 도착 보장\n\n(126)\n\n![Image 51](http://image14.coupangcdn.com/image/cmg/srp/topBanner/android/cta_arrow_xxxhdpi.png)\n\n광고\n\n![Image 52](https://image.coupangcdn.com/image/cmg/common/tooltip-icon@2x.png)\n\n*   [![Image 53: 도담우 국내산 안심 소고기 안심스테이크 구이용 (와사비솔트 증정), 1개, 200g](https://thumbnail.coupangcdn.com/thumbnails/remote/320x320ex/image/vendor_inventory/757c/861892af05ed21b10366bd589d678df1888ed616b58ae4ad4cf678bba985.png) 도담우 국내산 안심 소고기 안심스테이크 구이용 (와사비솔트 증정), 1개, 200g ~~24,000원~~ 16% 20,000원 (100g당 10,000원) 12/2(화) 도착 예정 무료배송 ∙ 오늘출발 4.5 (15) ![Image 54: 최대 1,590원 적립](https://image.coupangcdn.com/image/badges/cashback/web/list-cash-icon@2x.png)최대 1,000원 적립 쿠팡으로부터 광고 서비스를 구매한 제휴업체의 판매상품으로 일반 상품보다 우선 정렬됩니다. AD](https://www.coupang.com/vp/products/9021041693?itemId=26449903797&vendorItemId=93425381660&sourceType=srp_product_ads&clickEventId=45f76410-cc7b-11f0-a09e-caeb6ae29b60&korePlacement=15&koreSubPlacement=1&clickEventId=45f76410-cc7b-11f0-a09e-caeb6ae29b60&korePlacement=15&koreSubPlacement=1)\n*   [![Image 55: 목우촌 국내산 소고기 안심 스테이크용 (냉장), 300g, 1개](https://thumbnail.coupangcdn.com/thumbnails/remote/320x320ex/image/retail/images/2022/10/17/15/8/20f881c7-cde2-4875-9333-1336c5991a64.jpg)![Image 56](https://image.coupangcdn.com/image/badges/cou_pick/web/coupick@2x.png) 목우촌 국내산 소고기 안심 스테이크용 (냉장), 300g, 1개 ~~49,990원~~ 40% 29,850원 (100g당 9,950원) ![Image 57](https://image.coupangcdn.com/image/badges/falcon/v1/web/rocket-fresh@2x.png) 오늘(토) 도착 보장 5 (2069) ![Image 58: 최대 1,590원 적립](https://image.coupangcdn.com/image/badges/cashback/web/list-cash-icon@2x.png)최대 1,493원 적립 1](https://www.coupang.com/vp/products/6853353255?itemId=16335580395&vendorItemId=83527502996&pickType=COU_PICK&q=%EA%B5%AD%EB%82%B4%EC%82%B0%EC%9C%A1%EC%9A%B0%EC%95%88%EC%8B%AC%EC%8A%A4%ED%85%8C%EC%9D%B4%ED%81%AC%20%ED%8C%90%EB%A7%A4%20%EC%83%81%ED%92%88&searchId=05d7738e380468&sourceType=search&itemsCount=36&searchRank=1&rank=1)\n*   [![Image 59: 이로우 국내산 무항생제 소고기 안심 스테이크용 (냉장), 200g, 1개](https://thumbnail.coupangcdn.com/thumbnails/remote/320x320ex/image/retail/images/2020/09/25/18/1/2428904f-bb51-48c3-a85c-3dc0792a8541.jpg) 이로우 국내산 무항생제 소고기 안심 스테이크용 (냉장), 200g, 1개 23,300원 (100g당 11,650원) ![Image 60](https://image.coupangcdn.com/image/badges/falcon/v1/web/rocket-fresh@2x.png) 오늘(토) 도착 보장 4.5 (870) ![Image 61: 최대 1,590원 적립](https://image.coupangcdn.com/image/badges/cashback/web/list-cash-icon@2x.png)최대 1,165원 적립 2](https://www.coupang.com/vp/products/2175244990?itemId=3701410400&vendorItemId=71686697280&q=%EA%B5%AD%EB%82%B4%EC%82%B0%EC%9C%A1%EC%9A%B0%EC%95%88%EC%8B%AC%EC%8A%A4%ED%85%8C%EC%9D%B4%ED%81%AC%20%ED%8C%90%EB%A7%A4%20%EC%83%81%ED%92%88&searchId=05d7738e380468&sourceType=search&itemsCount=36&searchRank=2&rank=2)\n*   [![Image 62: [예담우] 소고기 국내산 냉장 안심 스테이크 로스 구이용 캠핑, 3개, 250g](https://thumbnail.coupangcdn.com/thumbnails/remote/320x320ex/image/vendor_inventory/fc90/27d26dbd2a1c932fc7ddd4aedeadb4deb6d551144cc38b4a0a69a176fb29.jpg) [예담우] 소고기 국내산 냉장 안심 스테이크 로스 구이용 캠핑, 4개, 250g 할인~~38,900원~~ 12% 34,110원 (100g당 3,411원) 12/4(목) 도착 예정 무료배송 4 (183) ![Image 63: 최대 1,590원 적립](https://image.coupangcdn.com/image/badges/cashback/web/list-cash-icon@2x.png)최대 1,688원 적립 3](https://www.coupang.com/vp/products/8703375562?itemId=25274863778&vendorItemId=92270510007&q=%EA%B5%AD%EB%82%B4%EC%82%B0%EC%9C%A1%EC%9A%B0%EC%95%88%EC%8B%AC%EC%8A%A4%ED%85%8C%EC%9D%B4%ED%81%AC%20%ED%8C%90%EB%A7%A4%20%EC%83%81%ED%92%88&searchId=05d7738e380468&sourceType=search&itemsCount=36&searchRank=3&rank=3)\n*   [![Image 64: 목우촌 국내산 소고기 안심 스테이크용 (냉장), 300g, 2개](https://thumbnail.coupangcdn.com/thumbnails/remote/320x320ex/image/retail/images/b51b328d-056c-4773-a4b1-9dfcc6d289558267042758503363155.png) 목우촌 국내산 소고기 안심 스테이크용 (냉장), 300g, 2개 ~~99,980원~~ 42% 57,900원 (100g당 9,650원) ![Image 65](https://image.coupangcdn.com/image/badges/falcon/v1/web/rocket-fresh@2x.png) 오늘(토) 도착 보장 5 (2069) ![Image 66: 최대 1,590원 적립](https://image.coupangcdn.com/image/badges/cashback/web/list-cash-icon@2x.png)최대 2,895원 적립 4](https://www.coupang.com/vp/products/6853353255?itemId=25240311206&vendorItemId=92236378161&q=%EA%B5%AD%EB%82%B4%EC%82%B0%EC%9C%A1%EC%9A%B0%EC%95%88%EC%8B%AC%EC%8A%A4%ED%85%8C%EC%9D%B4%ED%81%AC%20%ED%8C%90%EB%A7%A4%20%EC%83%81%ED%92%88&searchId=05d7738e380468&sourceType=search&itemsCount=36&searchRank=4&rank=4)\n*   [![Image 67: 목우촌 국내산 소고기 안심 스테이크용 (냉장), 300g, 3개](https://thumbnail.coupangcdn.com/thumbnails/remote/320x320ex/image/retail/images/f1899490-7fc3-4b45-9df7-268772dfb7af8067630359689914892.png) 목우촌 국내산 소고기 안심 스테이크용 (냉장), 300g, 3개 ~~149,970원~~ 43% 85,120원 (100g당 9,458원) ![Image 68](https://image.coupangcdn.com/image/badges/falcon/v1/web/rocket-fresh@2x.png) 오늘(토) 도착 보장 5 (2069) ![Image 69: 최대 1,590원 적립](https://image.coupangcdn.com/image/badges/cashback/web/list-cash-icon@2x.png)최대 4,256원 적립 5](https://www.coupang.com/vp/products/6853353255?itemId=25240311042&vendorItemId=92236378084&q=%EA%B5%AD%EB%82%B4%EC%82%B0%EC%9C%A1%EC%9A%B0%EC%95%88%EC%8B%AC%EC%8A%A4%ED%85%8C%EC%9D%B4%ED%81%AC%20%ED%8C%90%EB%A7%A4%20%EC%83%81%ED%92%88&searchId=05d7738e380468&sourceType=search&itemsCount=36&searchRank=5&rank=5)\n*   [![Image 70: 목우촌 국내산 소고기 안심 스테이크용 (냉장), 300g, 5개](https://thumbnail.coupangcdn.com/thumbnails/remote/320x320ex/image/retail/images/7d6b3426-65de-4c89-950c-a84b032c5d594506279896554441533.png) 목우촌 국내산 소고기 안심 스테이크용 (냉장), 300g, 5개 ~~249,950원~~ 45% 136,240원 (100g당 9,083원) ![Image 71](https://image.coupangcdn.com/image/badges/falcon/v1/web/rocket-fresh@2x.png) 오늘(토) 도착 보장 5 (2069) ![Image 72: 최대 1,590원 적립](https://image.coupangcdn.com/image/badges/cashback/web/list-cash-icon@2x.png)최대 6,812원 적립 품절임박 6](https://www.coupang.com/vp/products/6853353255?itemId=25240311132&vendorItemId=92236378128&q=%EA%B5%AD%EB%82%B4%EC%82%B0%EC%9C%A1%EC%9A%B0%EC%95%88%EC%8B%AC%EC%8A%A4%ED%85%8C%EC%9D%B4%ED%81%AC%20%ED%8C%90%EB%A7%A4%20%EC%83%81%ED%92%88&searchId=05d7738e380468&sourceType=search&itemsCount=36&searchRank=6&rank=6)\n*   [![Image 73: 목우촌 국내산 소고기 안심 스테이크용 (냉장), 300g, 6개](https://thumbnail.coupangcdn.com/thumbnails/remote/320x320ex/image/retail/images/0b50f4b0-7542-477e-8124-a54e898c42b85496878051463541139.png) 목우촌 국내산 소고기 안심 스테이크용 (냉장), 300g, 6개 ~~299,940원~~ 53% 140,770원 (100g당 7,821원) ![Image 74](https://image.coupangcdn.com/image/badges/falcon/v1/web/rocket-fresh@2x.png) 오늘(토) 도착 보장 5 (2069) ![Image 75: 최대 1,590원 적립](https://image.coupangcdn.com/image/badges/cashback/web/list-cash-icon@2x.png)최대 7,039원 적립 품절임박 7](https://www.coupang.com/vp/products/6853353255?itemId=25945529637&vendorItemId=92928706752&q=%EA%B5%AD%EB%82%B4%EC%82%B0%EC%9C%A1%EC%9A%B0%EC%95%88%EC%8B%AC%EC%8A%A4%ED%85%8C%EC%9D%B4%ED%81%AC%20%ED%8C%90%EB%A7%A4%20%EC%83%81%ED%92%88&searchId=05d7738e380468&sourceType=search&itemsCount=36&searchRank=7&rank=7)\n*   [![Image 76: [소잡는구선생]국내산 안심 스테이크500g 소고기 소안심캠핑고기 비프웰링턴, 안심500g덩어리(원통모양), 1개](https://thumbnail.coupangcdn.com/thumbnails/remote/320x320ex/image/vendor_inventory/0a12/4e92b98aa6d2f9a86b5336bd31f65272a50a91f9b7408f016662b25ca1f6.png) [소잡는구선생]국내산 안심 스테이크500g 소고기 소안심캠핑고기 비프웰링턴, 안심500g(2~3cm), 1개 ~~35,000원~~ 17% 29,000원 (100g당 5,800원) 12/2(화) 도착 예정 무료배송 ∙ 오늘출발 4.5 (718) ![Image 77: 최대 1,590원 적립](https://image.coupangcdn.com/image/badges/cashback/web/list-cash-icon@2x.png)최대 1,450원 적립 8](https://www.coupang.com/vp/products/7525796117?itemId=19748257795&vendorItemId=72328551273&q=%EA%B5%AD%EB%82%B4%EC%82%B0%EC%9C%A1%EC%9A%B0%EC%95%88%EC%8B%AC%EC%8A%A4%ED%85%8C%EC%9D%B4%ED%81%AC%20%ED%8C%90%EB%A7%A4%20%EC%83%81%ED%92%88&searchId=05d7738e380468&sourceType=search&itemsCount=36&searchRank=8&rank=8)\n*   [![Image 78: 국내산 소고기 부채살 스테이크 150g x 8팩 1.2kg 고단백 식단 육우 캠핑음식, 8개](https://thumbnail.coupangcdn.com/thumbnails/remote/320x320ex/image/vendor_inventory/eafc/aa12350c0e28d5bacf9e39b60dea140bd8efca6c78ea51be892370c0792d.png) 국내산 소고기 부채살 스테이크 150g x 8팩 1.2kg 고단백 식단 육우 캠핑음식, 8개 할인~~69,000원~~ 40% 40,770원 (100g당 3,398원) 12/2(화) 도착 예정 무료배송 ∙ 오늘출발 4.5 (12) ![Image 79: 최대 1,590원 적립](https://image.coupangcdn.com/image/badges/cashback/web/list-cash-icon@2x.png)최대 2,039원 적립 9](https://www.coupang.com/vp/products/8678717674?itemId=25193433273&vendorItemId=92190014538&q=%EA%B5%AD%EB%82%B4%EC%82%B0%EC%9C%A1%EC%9A%B0%EC%95%88%EC%8B%AC%EC%8A%A4%ED%85%8C%EC%9D%B4%ED%81%AC%20%ED%8C%90%EB%A7%A4%20%EC%83%81%ED%92%88&searchId=05d7738e380468&sourceType=search&itemsCount=36&searchRank=9&rank=9)\n*   [![Image 80: 이로우 국내산 무항생제 소고기 안심 스테이크용 (냉장), 200g, 2개](https://thumbnail.coupangcdn.com/thumbnails/remote/320x320ex/image/retail/images/91ffa56d-091a-4ea0-bfdb-64c7458dc99c4743394324230062050.png) 이로우 국내산 무항생제 소고기 안심 스테이크용 (냉장), 200g, 2개 45,200원 (100g당 11,300원) ![Image 81](https://image.coupangcdn.com/image/badges/falcon/v1/web/rocket-fresh@2x.png) 오늘(토) 도착 보장 4.5 (870) ![Image 82: 최대 1,590원 적립](https://image.coupangcdn.com/image/badges/cashback/web/list-cash-icon@2x.png)최대 2,260원 적립 10](https://www.coupang.com/vp/products/2175244990?itemId=19233296728&vendorItemId=86349762201&q=%EA%B5%AD%EB%82%B4%EC%82%B0%EC%9C%A1%EC%9A%B0%EC%95%88%EC%8B%AC%EC%8A%A4%ED%85%8C%EC%9D%B4%ED%81%AC%20%ED%8C%90%EB%A7%A4%20%EC%83%81%ED%92%88&searchId=05d7738e380468&sourceType=search&itemsCount=36&searchRank=10&rank=10)\n*   [![Image 83: 이로우 국내산 무항생제 소고기 안심 스테이크용 (냉장), 200g, 3개](https://thumbnail.coupangcdn.com/thumbnails/remote/320x320ex/image/retail/images/769c2b23-bd79-4ad2-8b54-9fbb3df0e1318635996578771938498.png) 이로우 국내산 무항생제 소고기 안심 스테이크용 (냉장), 200g, 3개 66,440원 (100g당 11,073원) ![Image 84](https://image.coupangcdn.com/image/badges/falcon/v1/web/rocket-fresh@2x.png) 오늘(토) 도착 보장 4.5 (870) ![Image 85: 최대 1,590원 적립](https://image.coupangcdn.com/image/badges/cashback/web/list-cash-icon@2x.png)최대 3,322원 적립](https://www.coupang.com/vp/products/2175244990?itemId=25295812805&vendorItemId=92291132034&q=%EA%B5%AD%EB%82%B4%EC%82%B0%EC%9C%A1%EC%9A%B0%EC%95%88%EC%8B%AC%EC%8A%A4%ED%85%8C%EC%9D%B4%ED%81%AC%20%ED%8C%90%EB%A7%A4%20%EC%83%81%ED%92%88&searchId=05d7738e380468&sourceType=search&itemsCount=36&searchRank=11&rank=11)\n*   [![Image 86: 정육1번가 국내산 냉장 육우 안심 토종소 소고기 스테이크 구이 300g내외, 스테이크용, 1개](https://thumbnail.coupangcdn.com/thumbnails/remote/320x320ex/image/vendor_inventory/e9b2/9a6ceae448092c14c2816ba4530cfdd95c0ab5aee6aa1e4b05ae2dc96c9b.jpeg) 정육1번가 국내산 냉장 육우 안심 토종소 소고기 스테이크 구이 300g내외, 스테이크용, 1개 36,000원 (100g당 12,000원) 배송비 3,500원 조건부 무료배송 12/3(수) 도착 예정 5 (1) ![Image 87: 최대 1,590원 적립](https://image.coupangcdn.com/image/badges/cashback/web/list-cash-icon@2x.png)최대 1,800원 적립](https://www.coupang.com/vp/products/9060953269?itemId=18952542192&vendorItemId=86078744364&q=%EA%B5%AD%EB%82%B4%EC%82%B0%EC%9C%A1%EC%9A%B0%EC%95%88%EC%8B%AC%EC%8A%A4%ED%85%8C%EC%9D%B4%ED%81%AC%20%ED%8C%90%EB%A7%A4%20%EC%83%81%ED%92%88&searchId=05d7738e380468&sourceType=search&itemsCount=36&searchRank=12&rank=12)\n*   [![Image 88: [소잡는구선생]국내산 안심 스테이크500g 소고기 소안심캠핑고기 비프웰링턴, 안심500g덩어리(원통모양), 1개](https://thumbnail.coupangcdn.com/thumbnails/remote/320x320ex/image/vendor_inventory/0a12/4e92b98aa6d2f9a86b5336bd31f65272a50a91f9b7408f016662b25ca1f6.png) [소잡는구선생]국내산 안심 스테이크500g 소고기 소안심캠핑고기 비프웰링턴, 안심500g덩어리(원통모양), 1개 ~~35,000원~~ 17% 29,000원 (100g당 5,800원) 12/2(화) 도착 예정 무료배송 ∙ 오늘출발 4.5 (718) ![Image 89: 최대 1,590원 적립](https://image.coupangcdn.com/image/badges/cashback/web/list-cash-icon@2x.png)최대 1,450원 적립](https://www.coupang.com/vp/products/7525796117?itemId=19748257794&vendorItemId=72972174486&q=%EA%B5%AD%EB%82%B4%EC%82%B0%EC%9C%A1%EC%9A%B0%EC%95%88%EC%8B%AC%EC%8A%A4%ED%85%8C%EC%9D%B4%ED%81%AC%20%ED%8C%90%EB%A7%A4%20%EC%83%81%ED%92%88&searchId=05d7738e380468&sourceType=search&itemsCount=36&searchRank=13&rank=13)\n*   [![Image 90: [예담우] 소고기 국내산 냉장 안심 스테이크 로스 구이용 캠핑, 3개, 250g](https://thumbnail.coupangcdn.com/thumbnails/remote/320x320ex/image/vendor_inventory/fc90/27d26dbd2a1c932fc7ddd4aedeadb4deb6d551144cc38b4a0a69a176fb29.jpg) [예담우] 소고기 국내산 냉장 안심 스테이크 로스 구이용 캠핑, 2개, 250g 18,800원 (100g당 3,760원) 배송비 3,500원 조건부 무료배송 12/4(목) 도착 예정 4 (183) ![Image 91: 최대 1,590원 적립](https://image.coupangcdn.com/image/badges/cashback/web/list-cash-icon@2x.png)최대 940원 적립](https://www.coupang.com/vp/products/8703375562?itemId=25274863782&vendorItemId=92270510027&q=%EA%B5%AD%EB%82%B4%EC%82%B0%EC%9C%A1%EC%9A%B0%EC%95%88%EC%8B%AC%EC%8A%A4%ED%85%8C%EC%9D%B4%ED%81%AC%20%ED%8C%90%EB%A7%A4%20%EC%83%81%ED%92%88&searchId=05d7738e380468&sourceType=search&itemsCount=36&searchRank=14&rank=14)\n*   [![Image 92: 미트엔조이 호주산 안심 스테이크 (냉장), 150g, 2개](https://thumbnail.coupangcdn.com/thumbnails/remote/320x320ex/image/retail/images/00dd3f8e-b0e9-480c-ac3f-56cb2f99d6232934876873180099677.png)202원 캐시 적립 미트엔조이 호주산 안심 스테이크 (냉장), 150g, 2개 21,200원 (100g당 7,067원) 1,000원 와우 가입 쿠폰 ![Image 93](https://image.coupangcdn.com/image/badges/falcon/v1/web/rocket-fresh@2x.png) 오늘(토) 도착 보장 4.5 (7046) ![Image 94: 최대 1,590원 적립](https://image.coupangcdn.com/image/badges/cashback/web/list-cash-icon@2x.png)최대 1,010원 적립](https://www.coupang.com/vp/products/1131265475?itemId=19224578756&vendorItemId=86341241778&q=%EA%B5%AD%EB%82%B4%EC%82%B0%EC%9C%A1%EC%9A%B0%EC%95%88%EC%8B%AC%EC%8A%A4%ED%85%8C%EC%9D%B4%ED%81%AC%20%ED%8C%90%EB%A7%A4%20%EC%83%81%ED%92%88&searchId=05d7738e380468&sourceType=search&itemsCount=36&searchRank=15&rank=15)\n*   [![Image 95: [예담우] 소고기 국내산 냉장 안심 스테이크 로스 구이용 캠핑, 3개, 250g](https://thumbnail.coupangcdn.com/thumbnails/remote/320x320ex/image/vendor_inventory/fc90/27d26dbd2a1c932fc7ddd4aedeadb4deb6d551144cc38b4a0a69a176fb29.jpg) [예담우] 소고기 국내산 냉장 안심 스테이크 로스 구이용 캠핑, 3개, 250g 29,900원 (100g당 3,987원) 배송비 3,500원 조건부 무료배송 12/4(목) 도착 예정 4 (183) ![Image 96: 최대 1,590원 적립](https://image.coupangcdn.com/image/badges/cashback/web/list-cash-icon@2x.png)최대 1,495원 적립](https://www.coupang.com/vp/products/8703375562?itemId=25274863785&vendorItemId=92270510038&q=%EA%B5%AD%EB%82%B4%EC%82%B0%EC%9C%A1%EC%9A%B0%EC%95%88%EC%8B%AC%EC%8A%A4%ED%85%8C%EC%9D%B4%ED%81%AC%20%ED%8C%90%EB%A7%A4%20%EC%83%81%ED%92%88&searchId=05d7738e380468&sourceType=search&itemsCount=36&searchRank=16&rank=16)\n*   [![Image 97: 도담우 국내산 안심 소고기 안심스테이크 구이용 (와사비솔트 증정), 1개, 200g](https://thumbnail.coupangcdn.com/thumbnails/remote/320x320ex/image/vendor_inventory/757c/861892af05ed21b10366bd589d678df1888ed616b58ae4ad4cf678bba985.png) 도담우 국내산 안심 소고기 안심스테이크 구이용 (와사비솔트 증정), 3개, 200g ~~58,000원~~ 6% 54,000원 (100g당 9,000원) 12/2(화) 도착 예정 무료배송 ∙ 오늘출발 4.5 (15) ![Image 98: 최대 1,590원 적립](https://image.coupangcdn.com/image/badges/cashback/web/list-cash-icon@2x.png)최대 2,700원 적립](https://www.coupang.com/vp/products/9021041693?itemId=26449903814&vendorItemId=93425381661&q=%EA%B5%AD%EB%82%B4%EC%82%B0%EC%9C%A1%EC%9A%B0%EC%95%88%EC%8B%AC%EC%8A%A4%ED%85%8C%EC%9D%B4%ED%81%AC%20%ED%8C%90%EB%A7%A4%20%EC%83%81%ED%92%88&searchId=05d7738e380468&sourceType=search&itemsCount=36&searchRank=17&rank=17)\n*   [![Image 99: 곰곰 호주산 소고기 안심 스테이크용 (냉장), 300g, 2개](https://thumbnail.coupangcdn.com/thumbnails/remote/320x320ex/image/retail/images/972771561383357-ff0f6fc1-d440-43c9-8887-856bf8883788.jpg) 곰곰 호주산 소고기 안심 스테이크용 (냉장), 300g, 2개 ~~38,000원~~ 12% 33,260원 (100g당 5,543원) ![Image 100](https://image.coupangcdn.com/image/badges/falcon/v1/web/rocket-fresh@2x.png) 오늘(토) 도착 보장 4.5 (481) ![Image 101: 최대 1,590원 적립](https://image.coupangcdn.com/image/badges/cashback/web/list-cash-icon@2x.png)최대 1,663원 적립](https://www.coupang.com/vp/products/8308632352?itemId=24190543436&vendorItemId=91208284443&q=%EA%B5%AD%EB%82%B4%EC%82%B0%EC%9C%A1%EC%9A%B0%EC%95%88%EC%8B%AC%EC%8A%A4%ED%85%8C%EC%9D%B4%ED%81%AC%20%ED%8C%90%EB%A7%A4%20%EC%83%81%ED%92%88&searchId=05d7738e380468&sourceType=search&itemsCount=36&searchRank=18&rank=18)\n*   [![Image 102: [꿈에그린한우] 한우 1++등급 안심 구이용 (냉장), 3개, 200g](https://thumbnail.coupangcdn.com/thumbnails/remote/320x320ex/image/vendor_inventory/image_audit/stage/manual/2c58bb8ccee27629a63b573b9acc67595a4b5f4d8e2c8d5f194fcbea08be_1763947162509.jpg) [꿈에그린한우] 한우 1++등급 안심 구이용 (냉장), 3개, 200g ~~88,000원~~ 9% 79,450원 (100g당 13,242원) 12/2(화) 도착 예정 무료배송 ∙ 오늘출발 4 (13) ![Image 103: 최대 1,590원 적립](https://image.coupangcdn.com/image/badges/cashback/web/list-cash-icon@2x.png)최대 3,973원 적립 쿠팡으로부터 광고 서비스를 구매한 제휴업체의 판매상품으로 일반 상품보다 우선 정렬됩니다. AD](https://www.coupang.com/vp/products/8616813542?itemId=24996674344&vendorItemId=91393940055&sourceType=srp_product_ads&clickEventId=45f78b20-cc7b-11f0-a17e-cdae7b6ce863&korePlacement=15&koreSubPlacement=20&clickEventId=45f78b20-cc7b-11f0-a17e-cdae7b6ce863&korePlacement=15&koreSubPlacement=20)\n*   [![Image 104: [마블플러스] 호주산 안심 원육 냉동 호주청정우 캠핑용 가정용 홈파티용, ★(냉동) 안심 원물 2kg, 1개](https://thumbnail.coupangcdn.com/thumbnails/remote/320x320ex/image/vendor_inventory/6fdb/9de077edf9f522d13fa3cdc944d280b2f0611e1d0f01c5a962d3ef3a28b4.jpg) [마블플러스] 호주산 안심 원육 냉동 호주청정우 캠핑용 가정용 홈파티용, ★(냉동) 안심 원물 2kg, 1개 할인· 09:12:45~~300,000원~~ 63% 110,900원 (100g당 5,545원) 12/3(수) 도착 예정 무료배송 4.5 (18) ![Image 105: 최대 1,590원 적립](https://image.coupangcdn.com/image/badges/cashback/web/list-cash-icon@2x.png)최대 5,545원 적립 **단 1개 남음**빨리 주문하세요! 쿠팡으로부터 광고 서비스를 구매한 제휴업체의 판매상품으로 일반 상품보다 우선 정렬됩니다. AD](https://www.coupang.com/vp/products/5351664081?itemId=7874612281&vendorItemId=75164229480&sourceType=srp_product_ads&clickEventId=45f78b20-cc7b-11f0-8298-fcc4f17c5f46&korePlacement=15&koreSubPlacement=21&clickEventId=45f78b20-cc7b-11f0-8298-fcc4f17c5f46&korePlacement=15&koreSubPlacement=21)\n*   [![Image 106: 도담우 국내산 안심 소고기 안심스테이크 구이용 (와사비솔트 증정), 1개, 200g](https://thumbnail.coupangcdn.com/thumbnails/remote/320x320ex/image/vendor_inventory/757c/861892af05ed21b10366bd589d678df1888ed616b58ae4ad4cf678bba985.png) 도담우 국내산 안심 소고기 안심스테이크 구이용 (와사비솔트 증정), 2개, 200g ~~41,000원~~ 9% 37,000원 (100g당 9,250원) 12/2(화) 도착 예정 무료배송 ∙ 오늘출발 4.5 (15) ![Image 107: 최대 1,590원 적립](https://image.coupangcdn.com/image/badges/cashback/web/list-cash-icon@2x.png)최대 1,850원 적립](https://www.coupang.com/vp/products/9021041693?itemId=26449903819&vendorItemId=93425381663&q=%EA%B5%AD%EB%82%B4%EC%82%B0%EC%9C%A1%EC%9A%B0%EC%95%88%EC%8B%AC%EC%8A%A4%ED%85%8C%EC%9D%B4%ED%81%AC%20%ED%8C%90%EB%A7%A4%20%EC%83%81%ED%92%88&searchId=05d7738e380468&sourceType=search&itemsCount=36&searchRank=21&rank=21)\n*   [![Image 108: 안동한우 거세우 산소포장 1+등급 안심 로스구이/스테이크, 1+등급 안심 스테이크(20mm), 400g, 1개](https://thumbnail.coupangcdn.com/thumbnails/remote/320x320ex/image/vendor_inventory/d045/098bcada30e2c3f2710d18e70b3cf61589ce1c50025fe0d83f3b95ec64d7.png) 안동한우 거세우 산소포장 1+등급 안심 로스구이/스테이크, 1+등급 안심 스테이크(20mm), 400g, 1개 48,000원 (100g당 9,600원) 배송비 5,000원 조건부 무료배송 12/3(수) 도착 예정 4.5 (36) ![Image 109: 최대 1,590원 적립](https://image.coupangcdn.com/image/badges/cashback/web/list-cash-icon@2x.png)최대 2,400원 적립 쿠팡으로부터 광고 서비스를 구매한 제휴업체의 판매상품으로 일반 상품보다 우선 정렬됩니다. AD](https://www.coupang.com/vp/products/6500961657?itemId=14312073985&vendorItemId=81556759252&sourceType=srp_product_ads&clickEventId=45f78b20-cc7b-11f0-8262-88e9149ecaa4&korePlacement=15&koreSubPlacement=23&clickEventId=45f78b20-cc7b-11f0-8262-88e9149ecaa4&korePlacement=15&koreSubPlacement=23)\n*   [![Image 110: 목우촌 국내산 소고기 안심 (냉장), 300g, 2개](https://thumbnail.coupangcdn.com/thumbnails/remote/320x320ex/image/retail/images/7cab4590-3ce1-46b5-b48c-16cc29f5b0eb4701291726938897844.png) 목우촌 국내산 소고기 안심 (냉장), 300g, 2개 57,900원 (100g당 9,650원) ![Image 111](https://image.coupangcdn.com/image/badges/falcon/v1/web/rocket-fresh@2x.png) 오늘(토) 도착 보장 4.5 (7855) ![Image 112: 최대 1,590원 적립](https://image.coupangcdn.com/image/badges/cashback/web/list-cash-icon@2x.png)최대 2,895원 적립](https://www.coupang.com/vp/products/1267767183?itemId=25240310870&vendorItemId=92236377943&q=%EA%B5%AD%EB%82%B4%EC%82%B0%EC%9C%A1%EC%9A%B0%EC%95%88%EC%8B%AC%EC%8A%A4%ED%85%8C%EC%9D%B4%ED%81%AC%20%ED%8C%90%EB%A7%A4%20%EC%83%81%ED%92%88&searchId=05d7738e380468&sourceType=search&itemsCount=36&searchRank=23&rank=23)\n*   [![Image 113: 도담우 국내산 안심 소고기 안심스테이크 구이용 (와사비솔트 증정), 1개, 200g](https://thumbnail.coupangcdn.com/thumbnails/remote/320x320ex/image/vendor_inventory/757c/861892af05ed21b10366bd589d678df1888ed616b58ae4ad4cf678bba985.png) 도담우 국내산 안심 소고기 안심스테이크 구이용 (와사비솔트 증정), 5개, 200g ~~92,000원~~ 4% 88,000원 (100g당 8,800원) 12/2(화) 도착 예정 무료배송 ∙ 오늘출발 4.5 (15) ![Image 114: 최대 1,590원 적립](https://image.coupangcdn.com/image/badges/cashback/web/list-cash-icon@2x.png)최대 4,400원 적립](https://www.coupang.com/vp/products/9021041693?itemId=26449903808&vendorItemId=93425381662&q=%EA%B5%AD%EB%82%B4%EC%82%B0%EC%9C%A1%EC%9A%B0%EC%95%88%EC%8B%AC%EC%8A%A4%ED%85%8C%EC%9D%B4%ED%81%AC%20%ED%8C%90%EB%A7%A4%20%EC%83%81%ED%92%88&searchId=05d7738e380468&sourceType=search&itemsCount=36&searchRank=24&rank=24)\n*   [![Image 115: 도담우 국내산 안심 소고기 안심스테이크 구이용 (와사비솔트 증정), 1개, 200g](https://thumbnail.coupangcdn.com/thumbnails/remote/320x320ex/image/vendor_inventory/757c/861892af05ed21b10366bd589d678df1888ed616b58ae4ad4cf678bba985.png) 도담우 국내산 안심 소고기 안심스테이크 구이용 (와사비솔트 증정), 4개, 200g ~~75,000원~~ 5% 71,000원 (100g당 8,875원) 12/2(화) 도착 예정 무료배송 ∙ 오늘출발 4.5 (15) ![Image 116: 최대 1,590원 적립](https://image.coupangcdn.com/image/badges/cashback/web/list-cash-icon@2x.png)최대 3,550원 적립](https://www.coupang.com/vp/products/9021041693?itemId=26449903803&vendorItemId=93425381659&q=%EA%B5%AD%EB%82%B4%EC%82%B0%EC%9C%A1%EC%9A%B0%EC%95%88%EC%8B%AC%EC%8A%A4%ED%85%8C%EC%9D%B4%ED%81%AC%20%ED%8C%90%EB%A7%A4%20%EC%83%81%ED%92%88&searchId=05d7738e380468&sourceType=search&itemsCount=36&searchRank=25&rank=25)\n*   [![Image 117: 청년고기 소고기 안심 스테이크 큐브 찹스테이크 150g 200g 소포장 호주산 청정우 곡물사육, 호주산 안심 스테이크 150g, 6개](https://thumbnail.coupangcdn.com/thumbnails/remote/320x320ex/image/vendor_inventory/image_audit/stage/manual/4d7e6ae3ff6eab0e51bb12fe3315cb140d96b517e5ed7e3ca7746f4b2b6f_1752632210618.jpg) 청년고기 소고기 안심 스테이크 큐브 찹스테이크 150g 200g 소포장 호주산 청정우 곡물사육, 호주산 안심 스테이크 150g, 6개 할인· 5일 남음~~77,400원~~ 23% 58,990원 (100g당 6,554원) 12/2(화) 도착 예정 무료배송 ∙ 오늘출발 4.5 (552) ![Image 118: 최대 1,590원 적립](https://image.coupangcdn.com/image/badges/cashback/web/list-cash-icon@2x.png)최대 2,920원 적립](https://www.coupang.com/vp/products/6771752767?itemId=23520413445&vendorItemId=90546762043&q=%EA%B5%AD%EB%82%B4%EC%82%B0%EC%9C%A1%EC%9A%B0%EC%95%88%EC%8B%AC%EC%8A%A4%ED%85%8C%EC%9D%B4%ED%81%AC%20%ED%8C%90%EB%A7%A4%20%EC%83%81%ED%92%88&searchId=05d7738e380468&sourceType=search&itemsCount=36&searchRank=26&rank=26)\n*   [![Image 119: 도담우 국내산 안심 소고기 안심스테이크 구이용 (와사비솔트 증정), 1개, 200g](https://thumbnail.coupangcdn.com/thumbnails/remote/320x320ex/image/vendor_inventory/757c/861892af05ed21b10366bd589d678df1888ed616b58ae4ad4cf678bba985.png) 도담우 국내산 안심 소고기 안심스테이크 구이용 (와사비솔트 증정), 1개, 200g ~~24,000원~~ 16% 20,000원 (100g당 10,000원) 12/2(화) 도착 예정 무료배송 ∙ 오늘출발 4.5 (15) ![Image 120: 최대 1,590원 적립](https://image.coupangcdn.com/image/badges/cashback/web/list-cash-icon@2x.png)최대 1,000원 적립](https://www.coupang.com/vp/products/9021041693?itemId=26449903797&vendorItemId=93425381660&q=%EA%B5%AD%EB%82%B4%EC%82%B0%EC%9C%A1%EC%9A%B0%EC%95%88%EC%8B%AC%EC%8A%A4%ED%85%8C%EC%9D%B4%ED%81%AC%20%ED%8C%90%EB%A7%A4%20%EC%83%81%ED%92%88&searchId=05d7738e380468&sourceType=search&itemsCount=36&searchRank=27&rank=27)\n*   [![Image 121: 투쁠한우 No.9 1++(9) 안심 스테이크용 프리미엄 소고기 구이용 국내산 기온유, 1개, 200g](https://thumbnail.coupangcdn.com/thumbnails/remote/320x320ex/image/vendor_inventory/6803/59a633b2680c79ba1a6dc6b65eec7bb338daa2a86b96bb7fb467ce21c9c0.jpg) 투쁠한우 No.9 1++(9) 안심 스테이크용 프리미엄 소고기 구이용 국내산 기온유, 1개, 200g ~~63,900원~~ 28% 45,900원 (100g당 22,950원) 12/2(화) 도착 예정 무료배송 ∙ 오늘출발 ![Image 122: 최대 1,590원 적립](https://image.coupangcdn.com/image/badges/cashback/web/list-cash-icon@2x.png)최대 2,295원 적립](https://www.coupang.com/vp/products/8985908337?itemId=26316461375&vendorItemId=93293915746&q=%EA%B5%AD%EB%82%B4%EC%82%B0%EC%9C%A1%EC%9A%B0%EC%95%88%EC%8B%AC%EC%8A%A4%ED%85%8C%EC%9D%B4%ED%81%AC%20%ED%8C%90%EB%A7%A4%20%EC%83%81%ED%92%88&searchId=05d7738e380468&sourceType=search&itemsCount=36&searchRank=28&rank=28)\n*   [![Image 123: [예담] 국내산 소고기 안심 스테이크 250g+250g, 500g, 1세트](https://thumbnail.coupangcdn.com/thumbnails/remote/320x320ex/image/vendor_inventory/12ef/7f34c8ac18966ea9ce79998f05b2dc017b62c72e0d68dcdb606577f587ea.jpg) [예담] 국내산 소고기 안심 스테이크 250g+250g, 500g, 1세트 35,900원 (100g당 7,180원) 12/5(금) 도착 예정 무료배송 ![Image 124: 최대 1,590원 적립](https://image.coupangcdn.com/image/badges/cashback/web/list-cash-icon@2x.png)최대 1,795원 적립](https://www.coupang.com/vp/products/8695450366?itemId=25247906702&vendorItemId=92243867134&q=%EA%B5%AD%EB%82%B4%EC%82%B0%EC%9C%A1%EC%9A%B0%EC%95%88%EC%8B%AC%EC%8A%A4%ED%85%8C%EC%9D%B4%ED%81%AC%20%ED%8C%90%EB%A7%A4%20%EC%83%81%ED%92%88&searchId=05d7738e380468&sourceType=search&itemsCount=36&searchRank=29&rank=29)\n*   [![Image 125: 팜스토리 국내산 소고기 안심 찹스테이크 (냉장), 300g, 1개](https://thumbnail.coupangcdn.com/thumbnails/remote/320x320ex/image/retail/images/2022/03/11/12/3/d91cb044-dd12-4fef-a528-bb3cda8b15aa.jpg) 팜스토리 국내산 소고기 안심 찹스테이크 (냉장), 300g, 1개 ~~36,990원~~ 23% 28,420원 (100g당 9,473원) ![Image 126](https://image.coupangcdn.com/image/badges/falcon/v1/web/rocket-fresh@2x.png) 일시품절 4.5 (94)](https://www.coupang.com/vp/products/6393340042?itemId=13639089269&vendorItemId=80891797505&q=%EA%B5%AD%EB%82%B4%EC%82%B0%EC%9C%A1%EC%9A%B0%EC%95%88%EC%8B%AC%EC%8A%A4%ED%85%8C%EC%9D%B4%ED%81%AC%20%ED%8C%90%EB%A7%A4%20%EC%83%81%ED%92%88&searchId=05d7738e380468&sourceType=search&itemsCount=36&searchRank=30&rank=30)\n*   [![Image 127: [이겼소] 국내산 냉장 안심 소고기 1kg 덩어리, 1개](https://thumbnail.coupangcdn.com/thumbnails/remote/320x320ex/image/vendor_inventory/8015/4e1e063e7a0c6d513e09662f0b93a54b3de284850aa782da78260ae61eea.png) [이겼소] 국내산 냉장 안심 소고기 1kg 덩어리, 1개 ~~62,900원~~ 4% 59,900원 (100g당 5,990원) 12/2(화) 도착 예정 무료배송 ∙ 오늘출발 4.5 (93) ![Image 128: 최대 1,590원 적립](https://image.coupangcdn.com/image/badges/cashback/web/list-cash-icon@2x.png)최대 2,995원 적립 쿠팡으로부터 광고 서비스를 구매한 제휴업체의 판매상품으로 일반 상품보다 우선 정렬됩니다. AD](https://www.coupang.com/vp/products/7658301985?itemId=20395447897&vendorItemId=82461924091&sourceType=srp_product_ads&clickEventId=45f78b20-cc7b-11f0-a8dd-614a12fcfe60&korePlacement=15&koreSubPlacement=37&clickEventId=45f78b20-cc7b-11f0-a8dd-614a12fcfe60&korePlacement=15&koreSubPlacement=37)\n*   [![Image 129: 만블링 한우 안심 스테이크 (냉동), 150g, 2개](https://thumbnail.coupangcdn.com/thumbnails/remote/320x320ex/image/retail/images/152072675142333-60bfb0b2-e52c-41de-9991-7108561e3abf.jpg) 만블링 한우 안심 스테이크 (냉동), 150g, 2개 39,570원 (100g당 13,190원) ![Image 130](https://image.coupangcdn.com/image/badges/falcon/v1/web/rocket-fresh@2x.png) 오늘(토) 도착 보장 5 (61) ![Image 131: 최대 1,590원 적립](https://image.coupangcdn.com/image/badges/cashback/web/list-cash-icon@2x.png)최대 1,979원 적립 쿠팡으로부터 광고 서비스를 구매한 제휴업체의 판매상품으로 일반 상품보다 우선 정렬됩니다. AD](https://www.coupang.com/vp/products/8918133565?itemId=26118284167&vendorItemId=93098757581&sourceType=srp_product_ads&clickEventId=45f78b20-cc7b-11f0-a7f6-6856ab6db4ff&korePlacement=15&koreSubPlacement=38&clickEventId=45f78b20-cc7b-11f0-a7f6-6856ab6db4ff&korePlacement=15&koreSubPlacement=38)\n*   [![Image 132: [무료배송]소안심(원육)1.4kg~2.1kg /업소용/도매/청정뉴질랜드 목초사육 소고기 /이유식./다이어트/스테이크/안심스테이크, 소안심(원육)1.4kg, 1개](https://thumbnail.coupangcdn.com/thumbnails/remote/320x320ex/image/vendor_inventory/c5cb/9740b3d650cba2f015bcb6c3560c2a3f9be0b95fbb881530d9e5dd354882.jpg) [무료배송]소안심(원육)1.4kg~2.1kg /업소용/도매/청정뉴질랜드 목초사육 소고기 /이유식./다이어트/스테이크/안심스테이크, 소안심(원육)1.4kg, 1개 ~~90,000원~~ 14% 77,000원 (100g당 5,500원) 12/2(화) 도착 예정 무료배송 ∙ 오늘출발 4.5 (220) ![Image 133: 최대 1,590원 적립](https://image.coupangcdn.com/image/badges/cashback/web/list-cash-icon@2x.png)최대 3,850원 적립 쿠팡으로부터 광고 서비스를 구매한 제휴업체의 판매상품으로 일반 상품보다 우선 정렬됩니다. AD](https://www.coupang.com/vp/products/7686948263?itemId=20545642582&vendorItemId=82143477490&sourceType=srp_product_ads&clickEventId=45f78b20-cc7b-11f0-bbd3-31a3bf814155&korePlacement=15&koreSubPlacement=40&clickEventId=45f78b20-cc7b-11f0-bbd3-31a3bf814155&korePlacement=15&koreSubPlacement=40)\n*   [![Image 134: [마블플러스] 호주산 안심 원육 (냉장) 호주청정우 캠핑용 가정용 홈파티용, 1개](https://thumbnail.coupangcdn.com/thumbnails/remote/320x320ex/image/vendor_inventory/11bd/76d445f5c79a25ef8decea81f33a4d75fa472cfd042c97c1aab034658cff.jpg) [마블플러스] 호주산 안심 원육 (냉장) 호주청정우 캠핑용 가정용 홈파티용, 1개 ~~300,000원~~ 33% 198,600원 (100g당 7,356원) 12/2(화) 도착 예정 무료배송 ∙ 오늘출발 4.5 (128) ![Image 135: 최대 1,590원 적립](https://image.coupangcdn.com/image/badges/cashback/web/list-cash-icon@2x.png)최대 9,930원 적립 **단 1개 남음**빨리 주문하세요! 쿠팡으로부터 광고 서비스를 구매한 제휴업체의 판매상품으로 일반 상품보다 우선 정렬됩니다. AD](https://www.coupang.com/vp/products/1984807168?itemId=14194641467&vendorItemId=71364215699&sourceType=srp_product_ads&clickEventId=45f7b230-cc7b-11f0-9335-8ab7ba46478b&korePlacement=15&koreSubPlacement=41&clickEventId=45f7b230-cc7b-11f0-9335-8ab7ba46478b&korePlacement=15&koreSubPlacement=41)\n*   [![Image 136: 만블링 한우 채끝 스테이크 (냉동), 150g, 2개](https://thumbnail.coupangcdn.com/thumbnails/remote/320x320ex/image/retail/images/ca89f617-7087-45f2-bf62-e58fabd24d696085188681126167945.png) 만블링 한우 채끝 스테이크 (냉동), 150g, 2개 31,810원 (100g당 10,603원) ![Image 137](https://image.coupangcdn.com/image/badges/falcon/v1/web/rocket-fresh@2x.png) 오늘(토) 도착 보장 5 (72) ![Image 138: 최대 1,590원 적립](https://image.coupangcdn.com/image/badges/cashback/web/list-cash-icon@2x.png)최대 1,590원 적립 쿠팡으로부터 광고 서비스를 구매한 제휴업체의 판매상품으로 일반 상품보다 우선 정렬됩니다. AD](https://www.coupang.com/vp/products/8918133568?itemId=26118284151&vendorItemId=93098757539&sourceType=srp_product_ads&clickEventId=45f7b230-cc7b-11f0-9883-c5bef76f689c&korePlacement=15&koreSubPlacement=43&clickEventId=45f7b230-cc7b-11f0-9883-c5bef76f689c&korePlacement=15&koreSubPlacement=43)\n\n[](https://www.coupang.com/np/search?q=%EA%B5%AD%EB%82%B4%EC%82%B0%EC%9C%A1%EC%9A%B0%EC%95%88%EC%8B%AC%EC%8A%A4%ED%85%8C%EC%9D%B4%ED%81%AC%20%ED%8C%90%EB%A7%A4%20%EC%83%81%ED%92%88#)[](https://www.coupang.com/np/search?q=%EA%B5%AD%EB%82%B4%EC%82%B0%EC%9C%A1%EC%9A%B0%EC%95%88%EC%8B%AC%EC%8A%A4%ED%85%8C%EC%9D%B4%ED%81%AC%20%ED%8C%90%EB%A7%A4%20%EC%83%81%ED%92%88#)\n\n같이 보면 좋은 상품\n\n광고\n\n![Image 139](http://static.coupangcdn.com/image/cmg/icon/dco/ad_icon.png)\n\n![Image 140](https://thumbnail6.coupangcdn.com/thumbnails/remote/292x292q65ex/image/vendor_inventory/7990/4898c5bb90dcb5be57f3e8cf4062f7b04a7f6064d84d91ac673472d957a7.jpg)\n\n[마블플러스] 뉴질랜드 안심 스테이크 4cm 목초사육 청정우 다이어트 소고기, 뉴질랜드 안심 스테이크 4cm 160g, 1개\n\n18,900원\n\n17,400원\n\n(100g당 10,875원)\n\n12/2(화) 도착 예정\n\n(140)\n\n![Image 141](http://image8.coupangcdn.com/image/badges/cashback/aos/xxxhdpi/list_cash_icon.png)\n\n최대 870원 적립\n\n![Image 142](https://thumbnail12.coupangcdn.com/thumbnails/remote/292x292q65ex/image/retail/images/152036696314601-07b52a8b-fe38-4a2b-b91e-5a82b811227f.jpg)\n\n만블링 한우 안심 스테이크 (냉동), 150g, 1개\n\n20,400원\n\n(100g당 13,600원)\n\n![Image 143](http://image2.coupangcdn.com/image/coupang/rds/logo/xxxhdpi/logo_fresh_medium.png)\n\n오늘(토) 도착 보장\n\n(61)\n\n![Image 144](http://image5.coupangcdn.com/image/badges/cashback/aos/xxxhdpi/list_cash_icon.png)\n\n최대 1,020원 적립\n\n![Image 145](https://thumbnail13.coupangcdn.com/thumbnails/remote/292x292q65ex/image/vendor_inventory/8015/4e1e063e7a0c6d513e09662f0b93a54b3de284850aa782da78260ae61eea.png)\n\n무료배송\n\n[이겼소] 국내산 냉장 안심 소고기 1kg 덩어리, 1개\n\n62,900원\n\n59,900원\n\n(100g당 5,990원)\n\n12/2(화) 도착 예정\n\n(93)\n\n![Image 146](http://image11.coupangcdn.com/image/badges/cashback/aos/xxxhdpi/list_cash_icon.png)\n\n최대 2,995원 적립\n\n![Image 147](https://thumbnail2.coupangcdn.com/thumbnails/remote/292x292q65ex/image/vendor_inventory/c5cb/9740b3d650cba2f015bcb6c3560c2a3f9be0b95fbb881530d9e5dd354882.jpg)\n\n무료배송\n\n[무료배송]소안심(원육)1.4kg~2.1kg /업소용/도매/청정뉴질랜드 목초사육 소고기 /이유식./다이어트/스테이크/안심스테이크, 소안심(원육)1.6kg, 1개\n\n100,000원\n\n88,000원\n\n(100g당 5,500원)\n\n12/2(화) 도착 예정\n\n(220)\n\n![Image 148](http://image14.coupangcdn.com/image/badges/cashback/aos/xxxhdpi/list_cash_icon.png)\n\n최대 4,400원 적립\n\n![Image 149](https://thumbnail13.coupangcdn.com/thumbnails/remote/292x292q65ex/image/retail/images/256489948945399-dea2c1a7-b9eb-4e06-815c-88253c1d8f04.jpg)\n\n곰곰 국내산 소고기 채끝 구이용 (냉장), 1개, 300g\n\n29,900원\n\n20,080원\n\n(100g당 6,693원)\n\n![Image 150](http://image8.coupangcdn.com/image/coupang/rds/logo/xxxhdpi/logo_fresh_medium.png)\n\n오늘(토) 도착 보장\n\n(11)\n\n![Image 151](http://image5.coupangcdn.com/image/badges/cashback/aos/xxxhdpi/list_cash_icon.png)\n\n최대 1,004원 적립\n\n![Image 152](https://thumbnail4.coupangcdn.com/thumbnails/remote/292x292q65ex/image/vendor_inventory/image_audit/stage/manual/8c779090-9834-4efe-ae19-36d7511a56a4_1755161559231.jpeg)\n\n[함평천지한우] 무항생제 국내산 소고기 한우 1+등급 안심 300g, 1개\n\n51%\n\n87,000원\n\n41,780원\n\n(100g당 13,927원)\n\n12/3(수) 도착 예정\n\n(4)\n\n![Image 153](http://image6.coupangcdn.com/image/badges/cashback/aos/xxxhdpi/list_cash_icon.png)\n\n최대 2,089원 적립\n\n![Image 154](https://thumbnail4.coupangcdn.com/thumbnails/remote/292x292q65ex/image/rs_quotation_api/z8vmxcck/6ac07e4ab29341838160c5377529b3ee.jpg)\n\n만블링 한우 안심 (냉동), 200g, 1개\n\n22,900원\n\n(100g당 11,450원)\n\n![Image 155](http://image6.coupangcdn.com/image/coupang/rds/logo/xxxhdpi/logo_fresh_medium.png)\n\n오늘(토) 도착 보장\n\n(89)\n\n![Image 156](http://image10.coupangcdn.com/image/badges/cashback/aos/xxxhdpi/list_cash_icon.png)\n\n최대 1,030원 적립\n\n이전[1](https://www.coupang.com/np/search?q=%EA%B5%AD%EB%82%B4%EC%82%B0%EC%9C%A1%EC%9A%B0%EC%95%88%EC%8B%AC%EC%8A%A4%ED%85%8C%EC%9D%B4%ED%81%AC+%ED%8C%90%EB%A7%A4+%EC%83%81%ED%92%88&page=1)[2](https://www.coupang.com/np/search?q=%EA%B5%AD%EB%82%B4%EC%82%B0%EC%9C%A1%EC%9A%B0%EC%95%88%EC%8B%AC%EC%8A%A4%ED%85%8C%EC%9D%B4%ED%81%AC+%ED%8C%90%EB%A7%A4+%EC%83%81%ED%92%88&page=2)[3](https://www.coupang.com/np/search?q=%EA%B5%AD%EB%82%B4%EC%82%B0%EC%9C%A1%EC%9A%B0%EC%95%88%EC%8B%AC%EC%8A%A4%ED%85%8C%EC%9D%B4%ED%81%AC+%ED%8C%90%EB%A7%A4+%EC%83%81%ED%92%88&page=3)[4](https://www.coupang.com/np/search?q=%EA%B5%AD%EB%82%B4%EC%82%B0%EC%9C%A1%EC%9A%B0%EC%95%88%EC%8B%AC%EC%8A%A4%ED%85%8C%EC%9D%B4%ED%81%AC+%ED%8C%90%EB%A7%A4+%EC%83%81%ED%92%88&page=4)[5](https://www.coupang.com/np/search?q=%EA%B5%AD%EB%82%B4%EC%82%B0%EC%9C%A1%EC%9A%B0%EC%95%88%EC%8B%AC%EC%8A%A4%ED%85%8C%EC%9D%B4%ED%81%AC+%ED%8C%90%EB%A7%A4+%EC%83%81%ED%92%88&page=5)[다음](https://www.coupang.com/np/search?q=%EA%B5%AD%EB%82%B4%EC%82%B0%EC%9C%A1%EC%9A%B0%EC%95%88%EC%8B%AC%EC%8A%A4%ED%85%8C%EC%9D%B4%ED%81%AC+%ED%8C%90%EB%A7%A4+%EC%83%81%ED%92%88&page=2 \"다음\")\n\n이 상품을 검색한 다른 분들이 함께 본 상품\n------------------------\n\n이전 상품 보기\n\n*   [![Image 157: 푸드랩플러스 호주산 곡물 살치살 스테이크 (냉장), 400g, 1개](https://thumbnail.coupangcdn.com/thumbnails/remote/292x292ex/image/retail/images/2021/09/03/17/9/13a89477-f201-4730-bf66-8b3b1f699e02.jpg) 푸드랩플러스 호주산 곡물 살치살 스테이크 (냉장), 400g, 1개 **18,260원**(100g당 4,565원) ![Image 158](https://image.coupangcdn.com/image/coupang/rds/logo/xhdpi/logo_fresh_medium.png) 4.5 (10711)](https://www.coupang.com/vp/products/8032860067?vendorItemId=78486692281&sourceType=srp_also_viewed_item&rmdId=95bed2f69a6f41c0ac5f7d297059c703&eventLabel=recommendation_widget_pc_srp_001&platform=web&rmdABTestInfo=88611_A,14554_C,88610_B,91997_B,91996_B&rmdValue=p9021041693:vt-1.0.0:p8032860067 \"푸드랩플러스 호주산 곡물 살치살 스테이크 (냉장), 400g, 1개\")\n*   [![Image 159: 호주산 소고기 안심 스테이크용 (냉장), 150g, 2개](https://thumbnail.coupangcdn.com/thumbnails/remote/292x292ex/image/retail/images/5a280940-0e92-46e6-9068-13a9f9f28c446840219603133673052.png) 호주산 소고기 안심 스테이크용 (냉장), 150g, 2개 **20,200원**(100g당 6,733원) ![Image 160](https://image.coupangcdn.com/image/coupang/rds/logo/xhdpi/logo_fresh_medium.png) 4.5 (850)](https://www.coupang.com/vp/products/8308632346?vendorItemId=91208283868&sourceType=srp_also_viewed_item&rmdId=95bed2f69a6f41c0ac5f7d297059c703&eventLabel=recommendation_widget_pc_srp_001&platform=web&rmdABTestInfo=88611_A,14554_C,88610_B,91997_B,91996_B&rmdValue=p9021041693:vt-1.0.0:p8308632346 \"호주산 소고기 안심 스테이크용 (냉장), 150g, 2개\")\n*   [![Image 161: 목우촌 국내산 소고기 안심 (냉장), 300g, 1개](https://thumbnail.coupangcdn.com/thumbnails/remote/292x292ex/image/retail/images/2451551721622664-fe9a124c-4a84-4eae-bf94-43abee8ca653.jpg) 목우촌 국내산 소고기 안심 (냉장), 300g, 1개 **29,850원**(100g당 9,950원) ![Image 162](https://image.coupangcdn.com/image/coupang/rds/logo/xhdpi/logo_fresh_medium.png) 4.5 (7855)](https://www.coupang.com/vp/products/1267767183?vendorItemId=70268609297&sourceType=srp_also_viewed_item&rmdId=95bed2f69a6f41c0ac5f7d297059c703&eventLabel=recommendation_widget_pc_srp_001&platform=web&rmdABTestInfo=88611_A,14554_C,88610_B,91997_B,91996_B&rmdValue=p9021041693:vt-1.0.0:p1267767183 \"목우촌 국내산 소고기 안심 (냉장), 300g, 1개\")\n*   [![Image 163: 미트지엥 호주산 우안심 구이용 (냉장), 300g, 1개](https://thumbnail.coupangcdn.com/thumbnails/remote/292x292ex/image/retail/images/6498722913720808-005ad0f2-b90e-4c5d-bdc8-ca9abc0ef9e5.jpg) 미트지엥 호주산 우안심 구이용 (냉장), 300g, 1개 **20,280원**(100g당 6,760원) ![Image 164](https://image.coupangcdn.com/image/coupang/rds/logo/xhdpi/logo_fresh_medium.png) 4.5 (912)](https://www.coupang.com/vp/products/6029893102?vendorItemId=78272159364&sourceType=srp_also_viewed_item&rmdId=95bed2f69a6f41c0ac5f7d297059c703&eventLabel=recommendation_widget_pc_srp_001&platform=web&rmdABTestInfo=88611_A,14554_C,88610_B,91997_B,91996_B&rmdValue=p9021041693:vt-1.0.0:p6029893102 \"미트지엥 호주산 우안심 구이용 (냉장), 300g, 1개\")\n*   [![Image 165: 곰곰 호주산 소고기 안심 스테이크용 (냉장), 300g, 3개](https://thumbnail.coupangcdn.com/thumbnails/remote/292x292ex/image/retail/images/873079954912554-4e9fad88-e31d-48d8-90f6-e7eafca9707b.jpg) 곰곰 호주산 소고기 안심 스테이크용 (냉장), 300g, 3개 **49,890원**(100g당 5,543원) ![Image 166](https://image.coupangcdn.com/image/coupang/rds/logo/xhdpi/logo_fresh_medium.png) 4.5 (481)](https://www.coupang.com/vp/products/8308632352?vendorItemId=91208284578&sourceType=srp_also_viewed_item&rmdId=95bed2f69a6f41c0ac5f7d297059c703&eventLabel=recommendation_widget_pc_srp_001&platform=web&rmdABTestInfo=88611_A,14554_C,88610_B,91997_B,91996_B&rmdValue=p9021041693:vt-1.0.0:p8308632352 \"곰곰 호주산 소고기 안심 스테이크용 (냉장), 300g, 3개\")\n*   [![Image 167: 미트엔조이 호주산 안심 스테이크 (냉장), 150g, 2개](https://thumbnail.coupangcdn.com/thumbnails/remote/292x292ex/image/retail/images/00dd3f8e-b0e9-480c-ac3f-56cb2f99d6232934876873180099677.png) 미트엔조이 호주산 안심 스테이크 (냉장), 150g, 2개 **21,200원**(100g당 7,067원) **1,000원** 와우 가입 쿠폰 ![Image 168](https://image.coupangcdn.com/image/coupang/rds/logo/xhdpi/logo_fresh_medium.png) 4.5 (7046)](https://www.coupang.com/vp/products/1131265475?vendorItemId=86341241778&sourceType=srp_also_viewed_item&rmdId=95bed2f69a6f41c0ac5f7d297059c703&eventLabel=recommendation_widget_pc_srp_001&platform=web&rmdABTestInfo=88611_A,14554_C,88610_B,91997_B,91996_B&rmdValue=p9021041693:vt-1.0.0:p1131265475 \"미트엔조이 호주산 안심 스테이크 (냉장), 150g, 2개\")\n*   [![Image 169: 호주산 우안심 스테이크용 (냉장), 300g, 1팩](https://thumbnail.coupangcdn.com/thumbnails/remote/292x292ex/image/retail/images/69455979478553-5ba863de-0ee7-4cd5-9d09-df9c4bbcfe4d.jpg) 호주산 우안심 스테이크용 (냉장), 300g, 1팩 **17,320원**(100g당 5,773원) ![Image 170](https://image.coupangcdn.com/image/coupang/rds/logo/xhdpi/logo_fresh_medium.png) 4.5 (3920)](https://www.coupang.com/vp/products/1524431303?vendorItemId=70606681290&sourceType=srp_also_viewed_item&rmdId=95bed2f69a6f41c0ac5f7d297059c703&eventLabel=recommendation_widget_pc_srp_001&platform=web&rmdABTestInfo=88611_A,14554_C,88610_B,91997_B,91996_B&rmdValue=p9021041693:vt-1.0.0:p1524431303 \"호주산 우안심 스테이크용 (냉장), 300g, 1팩\")\n*   [![Image 171: 목우촌 국내산 소고기 등심 구이용 (냉장), 300g, 1개](https://thumbnail.coupangcdn.com/thumbnails/remote/292x292ex/image/retail/images/179106185329620-989bbf80-493a-44c0-aaa7-fa4a2a94b074.jpg) 목우촌 국내산 소고기 등심 구이용 (냉장), 300g, 1개 **18,300원**(100g당 6,100원) ![Image 172](https://image.coupangcdn.com/image/coupang/rds/logo/xhdpi/logo_fresh_medium.png) 4.5 (15813)](https://www.coupang.com/vp/products/202587395?vendorItemId=70298644420&sourceType=srp_also_viewed_item&rmdId=95bed2f69a6f41c0ac5f7d297059c703&eventLabel=recommendation_widget_pc_srp_001&platform=web&rmdABTestInfo=88611_A,14554_C,88610_B,91997_B,91996_B&rmdValue=p9021041693:vt-1.0.0:p202587395 \"목우촌 국내산 소고기 등심 구이용 (냉장), 300g, 1개\")\n*   [![Image 173: 한우맘 한우 안심 1등급 구이용 (냉장), 200g, 1개](https://thumbnail.coupangcdn.com/thumbnails/remote/292x292ex/image/retail/images/423529516559393-06320a28-77d4-4942-81cd-2a492c64ca8a.jpg) 한우맘 한우 안심 1등급 구이용 (냉장), 200g, 1개 **22,780원**(100g당 11,390원) ![Image 174](https://image.coupangcdn.com/image/coupang/rds/logo/xhdpi/logo_fresh_medium.png) 4.5 (248)](https://www.coupang.com/vp/products/8263262064?vendorItemId=90830891267&sourceType=srp_also_viewed_item&rmdId=95bed2f69a6f41c0ac5f7d297059c703&eventLabel=recommendation_widget_pc_srp_001&platform=web&rmdABTestInfo=88611_A,14554_C,88610_B,91997_B,91996_B&rmdValue=p9021041693:vt-1.0.0:p8263262064 \"한우맘 한우 안심 1등급 구이용 (냉장), 200g, 1개\")\n*   [![Image 175: 참연담소 국내산 소고기 안심 구이용 (냉장), 1개, 200g](https://thumbnail.coupangcdn.com/thumbnails/remote/292x292ex/image/retail/images/59039841727083-a21daeea-c910-43c5-ac92-95b35c29d542.JPG) 참연담소 국내산 소고기 안심 구이용 (냉장), 1개, 200g **18,950원**(100g당 9,475원) ![Image 176](https://image.coupangcdn.com/image/coupang/rds/logo/xhdpi/logo_fresh_medium.png) 4.5 (45)](https://www.coupang.com/vp/products/8560722153?vendorItemId=91799279075&sourceType=srp_also_viewed_item&rmdId=95bed2f69a6f41c0ac5f7d297059c703&eventLabel=recommendation_widget_pc_srp_001&platform=web&rmdABTestInfo=88611_A,14554_C,88610_B,91997_B,91996_B&rmdValue=p9021041693:vt-1.0.0:p8560722153 \"참연담소 국내산 소고기 안심 구이용 (냉장), 1개, 200g\")\n*   [![Image 177: 부채살 스테이크 소포장 식단&헬스 미국산 초이스등급, 10개, 200g](https://thumbnail.coupangcdn.com/thumbnails/remote/292x292ex/image/vendor_inventory/ae2a/3f28ecfa4b5dfe76a69f58bad1e4fc22421cb88778dd261a45af81ad8b67.jpg) 부채살 스테이크 소포장 식단&헬스 미국산 초이스등급, 10개, 200g **59,900원**(100g당 2,995원) 4.5 (62)](https://www.coupang.com/vp/products/8799290820?vendorItemId=92610230283&sourceType=srp_also_viewed_item&rmdId=95bed2f69a6f41c0ac5f7d297059c703&eventLabel=recommendation_widget_pc_srp_001&platform=web&rmdABTestInfo=88611_A,14554_C,88610_B,91997_B,91996_B&rmdValue=p9021041693:vt-1.0.0:p8799290820 \"부채살 스테이크 소포장 식단&헬스 미국산 초이스등급, 10개, 200g\")\n*   [![Image 178: 도담우 국내산 채끝 소고기 채끝등심 숙성채끝 채끝스테이크 구이용 (와사비솔트 증정), 5개, 200g](https://thumbnail.coupangcdn.com/thumbnails/remote/292x292ex/image/vendor_inventory/8e55/d60431832548737d68f88587744422c56302e75b651dfc59c2bb47bf3799.jpg) 도담우 국내산 채끝 소고기 채끝등심 숙성채끝 채끝스테이크 구이용 (와사비솔트 증정), 5개, 200g **64,700원**(100g당 6,470원) 5 (12)](https://www.coupang.com/vp/products/8949870036?vendorItemId=94121723436&sourceType=srp_also_viewed_item&rmdId=95bed2f69a6f41c0ac5f7d297059c703&eventLabel=recommendation_widget_pc_srp_001&platform=web&rmdABTestInfo=88611_A,14554_C,88610_B,91997_B,91996_B&rmdValue=p9021041693:vt-1.0.0:p8949870036 \"도담우 국내산 채끝 소고기 채끝등심 숙성채끝 채끝스테이크 구이용 (와사비솔트 증정), 5개, 200g\")\n*   [![Image 179: 한국농수축산 안심 스테이크 청정우 4cm 두께, 1개, 180g](https://thumbnail.coupangcdn.com/thumbnails/remote/292x292ex/image/vendor_inventory/3f6e/064d5e03837d138826c536a044265dd7c25c863f15da3fcbcd94d0d94fe1.png) 한국농수축산 안심 스테이크 청정우 4cm 두께, 1개, 180g **19,800원**(100g당 11,000원) 4.5 (22)](https://www.coupang.com/vp/products/8934205745?vendorItemId=93100425328&sourceType=srp_also_viewed_item&rmdId=95bed2f69a6f41c0ac5f7d297059c703&eventLabel=recommendation_widget_pc_srp_001&platform=web&rmdABTestInfo=88611_A,14554_C,88610_B,91997_B,91996_B&rmdValue=p9021041693:vt-1.0.0:p8934205745 \"한국농수축산 안심 스테이크 청정우 4cm 두께, 1개, 180g\")\n*   [![Image 180: [이겼소] 국내산 냉장 안심 소고기 400g 스테이크용 로스 구이용, 스테이크용 (3센티 전후), 1개](https://thumbnail.coupangcdn.com/thumbnails/remote/292x292ex/image/vendor_inventory/c08c/e265436edb794beaa79f38ed7eb1ec7dde38fb8ee86723d9042c6af26111.png) [이겼소] 국내산 냉장 안심 소고기 400g 스테이크용 로스 구이용, 스테이크용 (3센티 전후), 1개 **23,900원**(100g당 5,975원) 5 (16)](https://www.coupang.com/vp/products/8180828120?vendorItemId=82461924142&sourceType=srp_also_viewed_item&rmdId=95bed2f69a6f41c0ac5f7d297059c703&eventLabel=recommendation_widget_pc_srp_001&platform=web&rmdABTestInfo=88611_A,14554_C,88610_B,91997_B,91996_B&rmdValue=p9021041693:vt-1.0.0:p8180828120 \"[이겼소] 국내산 냉장 안심 소고기 400g 스테이크용 로스 구이용, 스테이크용 (3센티 전후), 1개\")\n\n다음 상품 보기\n\n 오늘의 판매자 특가\n\n_1_/5\n\n*   [![Image 181: [예담우] 소고기 국내산 냉장 안심 스테이크 로스 구이용 캠핑, 4개, 250g](https://static.coupangcdn.com/image/vendor_inventory/fc90/27d26dbd2a1c932fc7ddd4aedeadb4deb6d551144cc38b4a0a69a176fb29.jpg)특가진행중 [예담우] 소고기 국내산 냉장 안심 스테이크 로스 구이용 캠핑, 4개, 250g 와우할인가 12%38,900원 34,110원 (100g당 3,376원) 12/4(목) 도착 예정 무료배송 80%(183) 86% 남음](https://www.coupang.com/vp/products/8703375562?itemId=25274863778&vendorItemId=92270510007&sourceType=SRP_PROMOTION)\n*   [![Image 182: 프리미엄 냉장 살치살 소고기 특수부위 스테이크 구이, 1개, 400g](https://static.coupangcdn.com/image/vendor_inventory/image_audit/advertiser/1751847118605/210b65dc-f2bf-4117-bca0-ee5dc3dc201c.png)특가진행중 프리미엄 냉장 살치살 소고기 특수부위 스테이크 구이, 1개, 400g 와우할인가 18%24,800원 20,140원 (100g당 4,878원) 12/2(화) 도착 예정 무료배송 80%(44) 98% 남음](https://www.coupang.com/vp/products/8605303018?itemId=24954889126&vendorItemId=91960720718&sourceType=SRP_PROMOTION)\n*   [![Image 183: 한우 안심 250g 부드럽고 연한 부위!! 저지방 소고기 안심 스테이크 구이 헬스고기, 2개](https://static.coupangcdn.com/image/vendor_inventory/image_audit/advertiser/1751865629005/6a56d16f-f8f5-4d00-88ec-c35d79b8b56d.jpg)특가진행중 한우 안심 250g 부드럽고 연한 부위!! 저지방 소고기 안심 스테이크 구이 헬스고기, 2개 와우할인가 54%97,600원 44,160원 (100g당 8,832원) 12/2(화) 도착 예정 무료배송 80%(37) 99% 남음](https://www.coupang.com/vp/products/8055212548?itemId=23520340550&vendorItemId=90546690088&sourceType=SRP_PROMOTION)\n*   [![Image 184: 국내산 소고기 부채살 스테이크 150g x 8팩 1.2kg 고단백 식단 육우 캠핑음식, 8개](https://static.coupangcdn.com/image/vendor_inventory/eafc/aa12350c0e28d5bacf9e39b60dea140bd8efca6c78ea51be892370c0792d.png)특가진행중 국내산 소고기 부채살 스테이크 150g x 8팩 1.2kg 고단백 식단 육우 캠핑음식, 8개 와우할인가 40%69,000원 40,770원 (100g당 3,398원) 12/2(화) 도착 예정 무료배송 90%(12) 99% 남음](https://www.coupang.com/vp/products/8678717674?itemId=25193433273&vendorItemId=92190014538&sourceType=SRP_PROMOTION)\n*   [![Image 185: [진천축협]보드런 숙성 한우(암소) 안심 250g 1+등급, 선물포장백 추가, 1개](https://static.coupangcdn.com/image/vendor_inventory/011d/64cf8e448e3d5ff3410d553f724fe587da1ed33afd581bc58fd00e32af81.jpg)특가진행중 [진천축협]보드런 숙성 한우(암소) 안심 250g 1+등급, 선물포장백 추가, 1개 와우할인가 57%96,000원 40,480원 (100g당 16,192원) 12/2(화) 도착 예정 무료배송 99% 남음](https://www.coupang.com/vp/products/8248196036?itemId=23742377556&vendorItemId=90766971405&sourceType=SRP_PROMOTION)\n*   [![Image 186: 베스트밀 호주산 소고기 토시살 구이용 900g (300g x 3팩) 개별포장 스테이크 로스구이, 300g, 3개](https://static.coupangcdn.com/image/vendor_inventory/dac2/7bb004255ee7187f48366074a2f28ab763a8fd2609460a186a004e4df13e.jpg)특가진행중 베스트밀 호주산 소고기 토시살 구이용 900g (300g x 3팩) 개별포장 스테이크 로스구이, 300g, 3개 와우할인가 50%39,000원 19,260원 (100g당 2,118원) 12/2(화) 도착 예정 무료배송 80%(126) 99% 남음](https://www.coupang.com/vp/products/8487680223?itemId=24564936335&vendorItemId=91577054159&sourceType=SRP_PROMOTION)\n*   [![Image 187: 명품한우금오 1등급 한우 안심 500g 구이용, 1개](https://static.coupangcdn.com/image/vendor_inventory/image_audit/stage/manual/efb23f726130d3a1bdb6ead3f5a97af74f40c4a57a72f26e6fcb80cce4da_1757987492851.jpg)특가진행중 명품한우금오 1등급 한우 안심 500g 구이용, 1개 와우할인가 23%79,000원 60,230원 (100g당 12,046원) 12/2(화) 도착 예정 무료배송 90%(67) 99% 남음](https://www.coupang.com/vp/products/5954342894?itemId=10653827938&vendorItemId=77934691358&sourceType=SRP_PROMOTION)\n*   [![Image 188: (냉장/암소)[명품한우금오] 한우 1등급 안심 250g, 1개](https://static.coupangcdn.com/image/vendor_inventory/image_audit/stage/manual/f986399661dc1747cdb06c1739e2ee00412914ff1a1aa0a44d1d2ef56df8_1758007893513.png)특가진행중 (냉장/암소)[명품한우금오] 한우 1등급 안심 250g, 1개 와우할인가 12%37,000원 32,220원 (100g당 12,756원) 12/2(화) 도착 예정 무료배송 80%(4) 99% 남음](https://www.coupang.com/vp/products/6135977279?itemId=11733788664&vendorItemId=79007739500&sourceType=SRP_PROMOTION)\n*   [![Image 189: 한우 대패 등심 200g 미친 마블링 국내산 육즙가득 대패등심 소고기 스테이크 구이 200g, (한우 대패 등심)200g, 1개](https://static.coupangcdn.com/image/vendor_inventory/d2c6/6763f9ca6095312aa9497aec63120915bbe7225162f006bf3dfbbabbd4a4.jpg)특가진행중 한우 대패 등심 200g 미친 마블링 국내산 육즙가득 대패등심 소고기 스테이크 구이 200g, (한우 대패 등심)200g, 1개 와우할인가 41%25,400원 14,760원 (100g당 7,380원) 12/2(화) 도착 예정 무료배송 60%(2) 99% 남음](https://www.coupang.com/vp/products/8190794780?itemId=23439084972&vendorItemId=90465954225&sourceType=SRP_PROMOTION)\n*   [![Image 190: 농협안심한우) 한우암소 1등급이상 양지 국거리 장조림용 (냉장), 300g, 1개](https://static.coupangcdn.com/image/vendor_inventory/image_audit/stage/manual/54144b94ae687e8fa548f99e774ecbcdec387e7529317bd5147ae23b0365_1753070738897.jpg)특가진행중 농협안심한우) 한우암소 1등급이상 양지 국거리 장조림용 (냉장), 300g, 1개 와우할인가 28%33,000원 23,510원 (100g당 7,837원) 12/2(화) 도착 예정 무료배송 100%(27) 99% 남음](https://www.coupang.com/vp/products/8986962052?itemId=26319325619&vendorItemId=92931424625&sourceType=SRP_PROMOTION)\n*   [![Image 191: [무료배송/당일출고] 정육생활 최현석의 차돌박이 구이용 200g, 10개](https://static.coupangcdn.com/image/vendor_inventory/61c9/e1df7629b12b91f5ab64b0428007195124aed782728263dc23e648e2a156.jpg)특가진행중 [무료배송/당일출고] 정육생활 최현석의 차돌박이 구이용 200g, 10개 와우할인가 28%90,000원 64,500원 (100g당 3,193원) 12/3(수) 도착 예정 무료배송 90%(94) 99% 남음](https://www.coupang.com/vp/products/8248589363?itemId=16543772569&vendorItemId=83730387088&sourceType=SRP_PROMOTION)\n*   [![Image 192: 청년고기 소고기 안심 스테이크 큐브 찹스테이크 150g 200g 소포장 호주산 청정우 곡물사육, 호주산 안심 스테이크 150g, 5개](https://static.coupangcdn.com/image/vendor_inventory/image_audit/stage/manual/4d7e6ae3ff6eab0e51bb12fe3315cb140d96b517e5ed7e3ca7746f4b2b6f_1752632210618.jpg)특가진행중 청년고기 소고기 안심 스테이크 큐브 찹스테이크 150g 200g 소포장 호주산 청정우 곡물사육, 호주산 안심 스테이크 150g, 5개 와우할인가 21%64,500원 50,760원 (100g당 6,768원) 12/2(화) 도착 예정 무료배송 90%(552) 95% 남음](https://www.coupang.com/vp/products/6771752767?itemId=23520413451&vendorItemId=90546762062&sourceType=SRP_PROMOTION)\n*   [![Image 193: 육즙가득 미친 마블링의 향연! 국내산 일품 등심 소고기 스테이크 구이 200g, 1개, (국내산 일품 꽃등심)200g](https://static.coupangcdn.com/image/vendor_inventory/e7ce/bbd8ba4dd7f8925cf7921bd517508b452aeb9450ac362d4b729bf70070b5.jpg)특가진행중 육즙가득 미친 마블링의 향연! 국내산 일품 등심 소고기 스테이크 구이 200g, 1개, (국내산 일품 꽃등심)200g 와우할인가 59%39,800원 16,160원 (100g당 7,995원) 12/2(화) 도착 예정 무료배송 80%(192) 99% 남음](https://www.coupang.com/vp/products/7996792540?itemId=22247824837&vendorItemId=89293606128&sourceType=SRP_PROMOTION)\n*   [![Image 194: [정미트] 최상급 프라임 냉장 살치살, 1kg, 1개](https://static.coupangcdn.com/image/vendor_inventory/d224/9ec5a3942ad8c8a6de67b4e651d25653665a60891a2f4e4186bac04b542a.jpeg)특가진행중 [정미트] 최상급 프라임 냉장 살치살, 1kg, 1개 와우할인가 31%70,000원 47,610원 (100g당 4,761원) 12/2(화) 도착 예정 무료배송 90%(450) 92% 남음](https://www.coupang.com/vp/products/6106670759?itemId=11481198169&vendorItemId=90576663105&sourceType=SRP_PROMOTION)\n*   [![Image 195: 미쓰하누 한우안심 1++등급 한우 200g 냉장 구이용 스테이크용, 1++한우 안심, 2개](https://static.coupangcdn.com/image/vendor_inventory/02ae/fbfe676bc959bf6b6ab93570dd87d925114580886f5eee70948d84419a1d.jpg)특가진행중 미쓰하누 한우안심 1++등급 한우 200g 냉장 구이용 스테이크용, 1++한우 안심, 2개 와우할인가 23%82,000원 62,370원 (100g당 15,593원) 12/2(화) 도착 예정 무료배송 90%(138) 84% 남음](https://www.coupang.com/vp/products/6466016208?itemId=24366173899&vendorItemId=79448898490&sourceType=SRP_PROMOTION)\n*   [![Image 196: 소고기 숙성 한우 꽃등심 구이 육즙가득 마블링 스테이크 1kg 실속포장, 1개, 한우 꽃등심 1kg](https://static.coupangcdn.com/image/vendor_inventory/9199/f2fe256f30343e3f68a0e5ce3fb5ecc265bd221abeba23f67e6ad61f5ed1.jpg)특가진행중 소고기 숙성 한우 꽃등심 구이 육즙가득 마블링 스테이크 1kg 실속포장, 1개, 한우 꽃등심 1kg 와우할인가 52%149,800원 71,880원 (100g당 7,188원) 12/2(화) 도착 예정 무료배송 100%(8) 99% 남음](https://www.coupang.com/vp/products/7870013021?itemId=21496801500&vendorItemId=88550601516&sourceType=SRP_PROMOTION)\n*   [![Image 197: 엄마네한우 1++등급 한우 안심 200g 1팩, 1개](https://static.coupangcdn.com/image/vendor_inventory/image_audit/stage/manual/67aa63fef98db7a5bfc612ca58d236f6dc0e932c4114a7b809b85ace833c_1752200993516.jpg)특가진행중 엄마네한우 1++등급 한우 안심 200g 1팩, 1개 와우할인가 33%57,070원 37,900원 (100g당 18,950원) 12/2(화) 도착 예정 무료배송 90%(5) 99% 남음](https://www.coupang.com/vp/products/6235263391?itemId=12553833213&vendorItemId=79822156227&sourceType=SRP_PROMOTION)\n*   [![Image 198: 도축장집아들들 초신선 1++한우 새우살 프리미엄 소고기200g (26700원/100g당), 1개, 200g](https://static.coupangcdn.com/image/vendor_inventory/image_audit/stage/manual/07e6107f4fc54ecfb1550bbe6ea4fb3bc7c863ccc8b093d30610ae91c931_1758073512862.png)특가진행중 도축장집아들들 초신선 1++한우 새우살 프리미엄 소고기200g (26700원/100g당), 1개, 200g 와우할인가 20%57,400원 45,920원 (100g당 22,730원) 12/2(화) 도착 예정 무료배송 60%(2) 99% 남음](https://www.coupang.com/vp/products/8965997102?itemId=26238606096&vendorItemId=93217350972&sourceType=SRP_PROMOTION)\n*   [![Image 199: 한우 저지방 등심1kg 국내산 후회없는 선택! 마블링 가득한 소고기 한우 등심 스테이크 구이 1kg, 1개, 1kg](https://static.coupangcdn.com/image/vendor_inventory/e647/765952f37555af9ca03666917e4a7d4ded9ca5df2adc3f5543f7743af64d.jpg)특가진행중 한우 저지방 등심1kg 국내산 후회없는 선택! 마블링 가득한 소고기 한우 등심 스테이크 구이 1kg, 1개, 1kg 와우할인가 4%62,790원 59,930원 (100g당 5,933원) 12/2(화) 도착 예정 무료배송 80%(13) 99% 남음](https://www.coupang.com/vp/products/8223105862?itemId=23641050764&vendorItemId=90666462742&sourceType=SRP_PROMOTION)\n*   [![Image 200: 올컷팅 뼈등심 돈마호크, 1세트, 1kg](https://static.coupangcdn.com/image/vendor_inventory/image_audit/stage/manual/9bb1d5ed61329c605bd91b5affef3ccfefc6a82a3b65ac0020f881470075_1755156738409.jpg)특가진행중 올컷팅 뼈등심 돈마호크, 1세트, 1kg 와우할인가 41%29,000원 17,010원 (100g당 1,701원) 12/3(수) 도착 예정 무료배송 100%(40) 99% 남음](https://www.coupang.com/vp/products/8826925162?itemId=25722385130&vendorItemId=92711108016&sourceType=SRP_PROMOTION)\n\n[이전 상품 보기](https://www.coupang.com/np/search?q=%EA%B5%AD%EB%82%B4%EC%82%B0%EC%9C%A1%EC%9A%B0%EC%95%88%EC%8B%AC%EC%8A%A4%ED%85%8C%EC%9D%B4%ED%81%AC%20%ED%8C%90%EB%A7%A4%20%EC%83%81%ED%92%88# \"이전 상품 보기\")[다음 상품 보기](https://www.coupang.com/np/search?q=%EA%B5%AD%EB%82%B4%EC%82%B0%EC%9C%A1%EC%9A%B0%EC%95%88%EC%8B%AC%EC%8A%A4%ED%85%8C%EC%9D%B4%ED%81%AC%20%ED%8C%90%EB%A7%A4%20%EC%83%81%ED%92%88# \"다음 상품 보기\")\n\n[회사소개](https://news.coupang.com/)[Investor Relations](https://ir.aboutcoupang.com/overview/default.aspx)[인재채용](https://rocketyourcareer.kr.coupang.com/)[입점/제휴문의](https://marketplace.coupangcorp.com/s/?utm_source=button_pc&utm_medium=non_paid&utm_campaign=onsite_ca&utm_id=coupang_app?inflow=WEB_FOOTER_B)[공지사항](https://mc.coupang.com/ssr/desktop/contact/notice)[고객의 소리](https://mc.coupang.com/ssr/desktop/contact/voc)[이용약관](https://www.coupang.com/np/policies/terms)[**개인정보 처리방침**](https://privacy.coupang.com/ko/center/coupang)[정보보호/개인정보보호 인증](https://privacy.coupang.com/ko/security/status)[쿠팡페이 이용약관](https://rocketpay.coupang.com/rocketpay/operationTerms/coupangPcFooter)[신뢰관리센터](https://www.coupang.com/np/safety)[제휴마케팅](https://partners.coupang.com/)[광고안내](https://ads.coupang.com/)\n\nGlobal Site\n\n*   [Coupang Taiwan 酷澎台灣](https://www.tw.coupang.com/)\n\n[![Image 201](https://front.coupangcdn.com/front-web-next/_next/static/media/logo.f2c4ccb2.png)](https://www.coupang.com/ \"COUPANG\")\n\n상호명 및 호스팅 서비스 제공 : 쿠팡(주) \n\n 대표이사 : 박대준 \n\n 서울시 송파구 송파대로 570 \n\n 사업자 등록번호 : 120-88-00767 \n\n 통신판매업신고 : 2017-서울송파-0680 \n\n[사업자정보 확인 >](http://www.ftc.go.kr/info/bizinfo/communicationViewPopup.jsp?wrkr_no=1208800767)\n\n[**365고객센터** | 전자금융거래분쟁처리담당 _1577-7011 (유료)_ 서울시 송파구 송파대로 570 email : help@coupang.com](https://mc.coupang.com/ssr/desktop/contact/inquiry)\n\n**채무지급보증 안내**\n\n 당사는 고객님이 현금 결제한 금액에 대해 \n\n 채무지급보증 계약을 체결하여 \n\n 안전거래를 보장하고 있습니다. \n\n[서비스 가입사실 확인 >](https://www.coupang.com/np/etc/popWooriService)\n\n![Image 202](https://front.coupangcdn.com/front-web-next/_next/static/media/5.73affd35.png)\n\n![Image 203](https://front.coupangcdn.com/front-web-next/_next/static/media/6.901d77a5.png)\n\n사이버몰 내 판매되는 상품 중에는 쿠팡에 등록한 개별 판매자가 판매하는 마켓플레이스(오픈마켓) 상품이 포함되어 있습니다. \n\n 마켓플레이스(오픈마켓) 상품의 경우 쿠팡은 통신판매중개자이며 통신판매의 당사자가 아닙니다. \n\n 쿠팡은 마켓플레이스(오픈마켓) 상품, 거래정보 및 거래 등에 대하여 책임을 지지 않습니다. \n\n 쿠팡은 소비자 보호와 안전거래를 위해 신뢰관리센터(CM112@coupang.com)를 운영하고 있으며, 관련 분쟁이 발생할 경우 별도의 분쟁 처리절차에 의거 분쟁이 처리됩니다. \n\n Copyright © Coupang Corp. 2010-2025 All Rights Reserved.\n\n*   [![Image 204](https://front.coupangcdn.com/front-web-next/_next/static/media/f.34bde318.png)](https://www.facebook.com/Coupang.korea)\n*   [![Image 205](https://front.coupangcdn.com/front-web-next/_next/static/media/b.637cda1c.png)](https://news.coupang.com/)\n*   [![Image 206](https://front.coupangcdn.com/front-web-next/_next/static/media/s.a7aca4ea.png)](https://www.instagram.com/coupang)"
      },
      {
        "platform": "coupang",
        "title": "횡성한우 안심 1등급 스테이크용 (냉장), 250g, 1개 - 안심 | 쿠팡",
        "url": "https://www.coupang.com/vp/products/1500234986",
        "snippet": "현재 별점 4.5점, 리뷰 719개를 가진 횡성한우 안심 1등급 스테이크용 (냉장), 250g, 1개! 지금 쿠팡에서 더 저렴하고 다양한 안심 제품들을 확인해보세요.",
        "score": 0.5533369,
        "timestamp": "2025-11-29T05:41:09.765647",
        "raw_content": null
      },
      {
        "platform": "coupang",
        "title": "[정육생활] 척아이롤 스테이크용 200g - 안심 | 쿠팡",
        "url": "https://www.coupang.com/vp/products/8909398909",
        "snippet": "쿠팡에서 [ 정육 생활] 척아이롤 스테이크용 200g 구매하고 더 많은 혜택을 받으세요! 지금 할인중인 다른 안심 제품도 바로 쿠팡에서 확인할 수 있습니다.",
        "score": 0.5481178,
        "timestamp": "2025-11-29T05:41:09.765650",
        "raw_content": null
      },
      {
        "platform": "coupang",
        "title": "쿠팡이 추천하는 소고기 안심 관련 혜택과 특가",
        "url": "https://www.coupang.com/np/search?q=%EC%86%8C%EA%B3%A0%EA%B8%B0%20%EC%95%88%EC%8B%AC",
        "snippet": "최대 1,619원 적립\n호주산 소고기 안심 스테이크용 (냉장), 150g, 1개\n\n최대 554원 적립\n화담우 한우 안심 1+등급 구이용 (냉장), 200g, 2개\n\n최대 2,448원 적립\n육교시 한우 간편한 안심 1등급 이유식용 (냉장), 300g, 1개\n\n설로인 한우 안심 미니샤토 1등급 (냉장), 150g, 1개\n\n최대 1,493원 적립\n설로인 한우 1++(8)등급 안심 샤토브리앙 (냉장), 150g, 1개\n\n최대 2,222원 적립\n보리육촌 국내산 소고기 안심 (냉장), 1개, 200g\n\n최대 948원 적립\n설성목장 무항생제 한우 1등급 안심 스테이크용 (냉장), 200g, 1개\n\n고기는 고기고 육즙가득 소고기 모듬팩 안창살+갈비살+토시살+우삼겹, 1개, 1kg\n최대 1,283원 적립\n안동한우 거세우 산소포장 1+등급 안심 로스구이/스테이크, 1+등급 안심 스테이크(20mm), 400g, 1개\n최대 2,400원 적립\n미트엔조이 호주산 안심 스테이크 (냉장), 150g, 3개 [...] 최대 1,493원 적립\n호주산 우안심 스테이크용 (냉장), 300g, 1팩\n\n최대 866원 적립\n![[예담우] 소고기 국내산 냉장 안심 스테이크 로스 구이용 캠핑, 4개, 250g](//thumbnail.coupangcdn.com/thumbnails/remote/320x320ex/image/vendor_inventory/fc90/27d26dbd2a1c932fc7ddd4aedeadb4deb6d551144cc38b4a0a69a176fb29.jpg)\n최대 1,688원 적립\n미트엔조이 호주산 안심 스테이크 (냉장), 150g, 2개\n\n최대 1,010원 적립\n미트엔조이 호주산 안심 스테이크 (냉장), 150g, 1개\n\n최대 568원 적립\n참연담소 국내산 소고기 안심 구이용 (냉장), 1개, 200g\n\n최대 948원 적립\n목우촌 국내산 소고기 안심 (냉장), 300g, 2개\n\n최대 2,895원 적립\n\n## 최근 다른 고객이 많이 구매한 상품 [...] 향상을 위한 추가적인 요소가 수시로 반영될 수 있습니다.\n\n![[꿈에그린한우] 한우 1등급 안심 구이용 (냉장), 3개, 200g](//thumbnail.coupangcdn.com/thumbnails/remote/320x320ex/image/vendor_inventory/f246/402d5fed739ca4af633c5e7b174f4a7c0929fd74e9bf28f4e0f45a33d7bf.jpg)\n최대 2,728원 적립\n설로인 무항생제 인증 베이비로인 한우 안심 슬라이스 1등급 (냉장), 150g, 1개\n\n최대 1,383원 적립\n이로우 국내산 무항생제 소고기 안심 스테이크용 (냉장), 200g, 1개\n\n최대 1,165원 적립\n화담우 한우 안심 1+등급 구이용 (냉장), 200g, 1개\n\n최대 1,262원 적립\n삼형제고기 BDS 소고기 채끝 구이용 스테이크용, 6개, 150g\n최대 3,045원 적립\n목우촌 국내산 소고기 안심 (냉장), 300g, 1개",
        "score": 0.54303354,
        "timestamp": "2025-11-29T05:41:09.765653",
        "raw_content": "![](https://static.coupangcdn.com/ea/cmg_paperboy/image/1646271114206/C0-Left_basic.jpg)\n![](https://static.coupangcdn.com/ya/cmg_paperboy/image/1764139787980/C0.jpg)\n\n[자주묻는 질문](https://mc.coupang.com/ssr/desktop/contact/faq)[1:1 채팅문의](https://mc.coupang.com/ssr/desktop/contact/inquiry)[고객의 소리](https://mc.coupang.com/ssr/desktop/contact/voc)[취소 / 반품 안내](https://www.coupang.com/returnPolicy.pang)\n\n[오픈마켓](https://marketplace.coupangcorp.com/s/?utm_source=button_pc&utm_medium=non_paid&utm_campaign=onsite_ca&utm_id=coupang_app)[여행·티켓](https://with.coupang.com/contract/initialize)[로켓배송](https://supplier.coupang.com/welcome/join)[제휴마케팅](https://partners.coupang.com)[로켓그로스](https://sell.coupang.com?utm_source=web_button_pc_rg&utm_medium=referral&utm_campaign=onsite_lead&utm_id=coupang_web?inflow=WEB_HEADER_B)\n\n![Coupang](//image7.coupangcdn.com/image/coupang/common/logo_coupang_w350.png)\n![](https://front.coupangcdn.com/front-web-next/_next/static/media/search.85cd3dbf.png)\n![](https://front.coupangcdn.com/front-web-next/_next/static/media/person.07e45e52.png)\n\n[주문목록](https://mc.coupang.com/ssr/desktop/order/list)[취소/반품](https://mc.coupang.com/ssr/desktop/cancel-return-exchange/list)[찜 리스트](//wish-web.coupang.com/wishInitView.pang)\n\n![](https://front.coupangcdn.com/front-web-next/_next/static/media/cart.ccef8f9e.png)\n![쿠팡플레이](https://image.coupangcdn.com/image/coupang/home/icons/web/kr/coupang-play.png)\n![로켓배송](https://image.coupangcdn.com/image/coupang/home/icons/web/kr/rocket-delivery.png)\n![로켓프레시](https://image.coupangcdn.com/image/coupang/home/icons/web/kr/rocket-fresh.png)\n![크리스마스](https://image.coupangcdn.com/image/coupang/home/icons/Christmas/Christmas_PC_2025.png)\n![다시 구매](https://image.coupangcdn.com/image/coupang/common/fbi_icon_3x.png)\n![쿠팡비즈](https://image.coupangcdn.com/image/coupang/home/icons/web/kr/biz.png)\n![로켓직구](https://image.coupangcdn.com/image/coupang/home/icons/web/kr/oversea-delivery.png)\n![골드박스](https://image.coupangcdn.com/image/coupang/home/icons/web/kr/gold-box.png)\n![이달의신상](https://image.coupangcdn.com/image/coupang/home/icons/web/kr/new-item-of-month.png)\n![판매자특가](https://image.coupangcdn.com/image/coupang/home/icons/web/kr/omp.png)\n![와우회원할인](https://image.coupangcdn.com/image/coupang/home/icons/web/kr/wow.png)\n![이벤트/쿠폰](https://image.coupangcdn.com/image/coupang/home/icons/web/kr/benefit.png)\n![반품마켓](https://image.coupangcdn.com/image/coupang/home/icons/web/kr/returned-market.png)\n![착한상점](https://image.coupangcdn.com/image/coupang/home/icons/web/kr/sustainable-market.png)\n![기획전](https://image.coupangcdn.com/image/coupang/home/icons/web/kr/event.png)\n![쿠팡트래블](https://image.coupangcdn.com/image/coupang/home/icons/web/kr/travel.png)\n![입점신청](https://image.coupangcdn.com/image/coupang/home/icons/web/kr/sell-on-coupang.png)\n![](https://front.coupangcdn.com/front-web-next/_next/static/media/search.85cd3dbf.png)\n![쿠팡플레이](https://image.coupangcdn.com/image/coupang/home/icons/web/kr/coupang-play.png)\n![로켓배송](https://image.coupangcdn.com/image/coupang/home/icons/web/kr/rocket-delivery.png)\n![로켓프레시](https://image.coupangcdn.com/image/coupang/home/icons/web/kr/rocket-fresh.png)\n![크리스마스](https://image.coupangcdn.com/image/coupang/home/icons/Christmas/Christmas_PC_2025.png)\n![다시 구매](https://image.coupangcdn.com/image/coupang/common/fbi_icon_3x.png)\n![쿠팡비즈](https://image.coupangcdn.com/image/coupang/home/icons/web/kr/biz.png)\n![로켓직구](https://image.coupangcdn.com/image/coupang/home/icons/web/kr/oversea-delivery.png)\n![골드박스](https://image.coupangcdn.com/image/coupang/home/icons/web/kr/gold-box.png)\n![이달의신상](https://image.coupangcdn.com/image/coupang/home/icons/web/kr/new-item-of-month.png)\n![판매자특가](https://image.coupangcdn.com/image/coupang/home/icons/web/kr/omp.png)\n![와우회원할인](https://image.coupangcdn.com/image/coupang/home/icons/web/kr/wow.png)\n![이벤트/쿠폰](https://image.coupangcdn.com/image/coupang/home/icons/web/kr/benefit.png)\n![반품마켓](https://image.coupangcdn.com/image/coupang/home/icons/web/kr/returned-market.png)\n![착한상점](https://image.coupangcdn.com/image/coupang/home/icons/web/kr/sustainable-market.png)\n![기획전](https://image.coupangcdn.com/image/coupang/home/icons/web/kr/event.png)\n![쿠팡트래블](https://image.coupangcdn.com/image/coupang/home/icons/web/kr/travel.png)\n![입점신청](https://image.coupangcdn.com/image/coupang/home/icons/web/kr/sell-on-coupang.png)\n\n/[prev](이전 페이지 보기)[next](다음 페이지 보기)\n\n![Coupang](//image7.coupangcdn.com/image/coupang/common/logo_coupang_w350.png)\n![](https://front.coupangcdn.com/front-web-next/_next/static/media/search.85cd3dbf.png)\n\n#### 필터\n\n![rocket_luxury,rocket,coupang_global](https://image.coupangcdn.com/image/badges/falcon/v1/web/rocket-all@2x.png)\n![rocket_luxury](https://image.coupangcdn.com/image/coupang/rds/logo/iphone_2x/rds_logo_rlux_light_101719300269126@2x.png)\n![rocket](https://image.coupangcdn.com/image/badges/falcon/v1/web/txt_rocket@2x.png)\n![coupang_global](https://image.coupangcdn.com/image/badges/falcon/v1/web/txt_jikgu@2x.png)\n![top_brand](https://image.coupangcdn.com/image/badges/top_brand/c-avenue.svg)\n\n##### 카테고리\n\n##### 가격\n\n어떤 문제가 있었나요?\n\n# **'소고기 안심'**에 대한 검색결과\n\n이 밖에 쿠팡 랭킹순에는 고객의 편의 및 만족도\n\n향상을 위한 추가적인 요소가 수시로 반영될 수 있습니다.\n\n![[꿈에그린한우] 한우 1등급 안심 구이용 (냉장), 3개, 200g](//thumbnail.coupangcdn.com/thumbnails/remote/320x320ex/image/vendor_inventory/f246/402d5fed739ca4af633c5e7b174f4a7c0929fd74e9bf28f4e0f45a33d7bf.jpg)\n![최대 2,728원 적립](https://image.coupangcdn.com/image/badges/cashback/web/list-cash-icon@2x.png)\n![설로인 무항생제 인증 베이비로인 한우 안심 슬라이스 1등급 (냉장), 150g, 1개](//thumbnail.coupangcdn.com/thumbnails/remote/320x320ex/image/retail/images/399722552230475-8bf1ac61-7806-4338-b5ee-f7fdcd067801.jpg)\n![](https://image.coupangcdn.com/image/badges/falcon/v1/web/rocket-fresh@2x.png)\n![최대 1,383원 적립](https://image.coupangcdn.com/image/badges/cashback/web/list-cash-icon@2x.png)\n![이로우 국내산 무항생제 소고기 안심 스테이크용 (냉장), 200g, 1개](//thumbnail.coupangcdn.com/thumbnails/remote/320x320ex/image/retail/images/2020/09/25/18/1/2428904f-bb51-48c3-a85c-3dc0792a8541.jpg)\n![](https://image.coupangcdn.com/image/badges/falcon/v1/web/rocket-fresh@2x.png)\n![최대 1,165원 적립](https://image.coupangcdn.com/image/badges/cashback/web/list-cash-icon@2x.png)\n![화담우 한우 안심 1+등급 구이용 (냉장), 200g, 1개](//thumbnail.coupangcdn.com/thumbnails/remote/320x320ex/image/retail/images/230331526215037-542f0e2c-8031-4c3b-b894-71226f4d31ee.jpg)\n![](https://image.coupangcdn.com/image/badges/falcon/v1/web/rocket-fresh@2x.png)\n![최대 1,262원 적립](https://image.coupangcdn.com/image/badges/cashback/web/list-cash-icon@2x.png)\n![삼형제고기 BDS 소고기 채끝 구이용 스테이크용, 6개, 150g](//thumbnail.coupangcdn.com/thumbnails/remote/320x320ex/image/vendor_inventory/61f1/69d60d284eff5cb9f9d8d457586fe638b2a7ef5d368be3815fa26b616bb0.jpg)\n![최대 3,045원 적립](https://image.coupangcdn.com/image/badges/cashback/web/list-cash-icon@2x.png)\n![목우촌 국내산 소고기 안심 (냉장), 300g, 1개](//thumbnail.coupangcdn.com/thumbnails/remote/320x320ex/image/retail/images/2451551721622664-fe9a124c-4a84-4eae-bf94-43abee8ca653.jpg)\n![](https://image.coupangcdn.com/image/badges/falcon/v1/web/rocket-fresh@2x.png)\n![최대 1,493원 적립](https://image.coupangcdn.com/image/badges/cashback/web/list-cash-icon@2x.png)\n![호주산 우안심 스테이크용 (냉장), 300g, 1팩](//thumbnail.coupangcdn.com/thumbnails/remote/320x320ex/image/retail/images/69455979478553-5ba863de-0ee7-4cd5-9d09-df9c4bbcfe4d.jpg)\n![](https://image.coupangcdn.com/image/badges/falcon/v1/web/rocket-fresh@2x.png)\n![최대 866원 적립](https://image.coupangcdn.com/image/badges/cashback/web/list-cash-icon@2x.png)\n![[예담우] 소고기 국내산 냉장 안심 스테이크 로스 구이용 캠핑, 4개, 250g](//thumbnail.coupangcdn.com/thumbnails/remote/320x320ex/image/vendor_inventory/fc90/27d26dbd2a1c932fc7ddd4aedeadb4deb6d551144cc38b4a0a69a176fb29.jpg)\n![최대 1,688원 적립](https://image.coupangcdn.com/image/badges/cashback/web/list-cash-icon@2x.png)\n![미트엔조이 호주산 안심 스테이크 (냉장), 150g, 2개](//thumbnail.coupangcdn.com/thumbnails/remote/320x320ex/image/retail/images/00dd3f8e-b0e9-480c-ac3f-56cb2f99d6232934876873180099677.png)\n![](https://image.coupangcdn.com/image/badges/falcon/v1/web/rocket-fresh@2x.png)\n![최대 1,010원 적립](https://image.coupangcdn.com/image/badges/cashback/web/list-cash-icon@2x.png)\n![미트엔조이 호주산 안심 스테이크 (냉장), 150g, 1개](//thumbnail.coupangcdn.com/thumbnails/remote/320x320ex/image/retail/images/2023/02/21/14/8/5d5e97e6-64d1-40f2-9170-866da51eb806.jpg)\n![](https://image.coupangcdn.com/image/badges/falcon/v1/web/rocket-fresh@2x.png)\n![최대 568원 적립](https://image.coupangcdn.com/image/badges/cashback/web/list-cash-icon@2x.png)\n![참연담소 국내산 소고기 안심 구이용 (냉장), 1개, 200g](//thumbnail.coupangcdn.com/thumbnails/remote/320x320ex/image/retail/images/59039841727083-a21daeea-c910-43c5-ac92-95b35c29d542.JPG)\n![](https://image.coupangcdn.com/image/badges/falcon/v1/web/rocket-fresh@2x.png)\n![최대 948원 적립](https://image.coupangcdn.com/image/badges/cashback/web/list-cash-icon@2x.png)\n![목우촌 국내산 소고기 안심 (냉장), 300g, 2개](//thumbnail.coupangcdn.com/thumbnails/remote/320x320ex/image/retail/images/7cab4590-3ce1-46b5-b48c-16cc29f5b0eb4701291726938897844.png)\n![](https://image.coupangcdn.com/image/badges/falcon/v1/web/rocket-fresh@2x.png)\n![최대 2,895원 적립](https://image.coupangcdn.com/image/badges/cashback/web/list-cash-icon@2x.png)\n\n## 최근 다른 고객이 많이 구매한 상품\n\n![목우촌 국내산 소고기 안심 (냉장), 300g, 1개](//thumbnail.coupangcdn.com/thumbnails/remote/230x230ex/image/retail/images/2451551721622664-fe9a124c-4a84-4eae-bf94-43abee8ca653.jpg)\n![로켓배송](https://image.coupangcdn.com/image/badges/falcon/v1/web/rocket-fresh@2x.png)\n![최대 1,493원 적립](https://image.coupangcdn.com/image/badges/cashback/web/list-cash-icon@2x.png)\n![이로우 국내산 무항생제 소고기 안심 스테이크용 (냉장), 200g, 1개](//thumbnail.coupangcdn.com/thumbnails/remote/230x230ex/image/retail/images/2020/09/25/18/1/2428904f-bb51-48c3-a85c-3dc0792a8541.jpg)\n![로켓배송](https://image.coupangcdn.com/image/badges/falcon/v1/web/rocket-fresh@2x.png)\n![최대 1,165원 적립](https://image.coupangcdn.com/image/badges/cashback/web/list-cash-icon@2x.png)\n![호주산 우안심 스테이크용 (냉장), 300g, 1팩](//thumbnail.coupangcdn.com/thumbnails/remote/230x230ex/image/retail/images/69455979478553-5ba863de-0ee7-4cd5-9d09-df9c4bbcfe4d.jpg)\n![로켓배송](https://image.coupangcdn.com/image/badges/falcon/v1/web/rocket-fresh@2x.png)\n![최대 866원 적립](https://image.coupangcdn.com/image/badges/cashback/web/list-cash-icon@2x.png)\n![농협안심한우 안심 1+등급 구이용 (냉장), 200g, 1개](//thumbnail.coupangcdn.com/thumbnails/remote/320x320ex/image/retail/images/5490453203704712-5a98c40b-a303-43ce-b9c2-59c6ab6b7212.jpg)\n![](https://image.coupangcdn.com/image/badges/falcon/v1/web/rocket-fresh@2x.png)\n![최대 1,262원 적립](https://image.coupangcdn.com/image/badges/cashback/web/list-cash-icon@2x.png)\n![보리육촌 국내산 소고기 안심 2등급 (냉장), 200g, 1개](//thumbnail.coupangcdn.com/thumbnails/remote/320x320ex/image/retail/images/109353585752135-60d3e005-fd42-4f42-9da0-cc84e5a854fb.jpg)\n![](https://image.coupangcdn.com/image/badges/falcon/v1/web/rocket-fresh@2x.png)\n![최대 998원 적립](https://image.coupangcdn.com/image/badges/cashback/web/list-cash-icon@2x.png)\n![설로인 한우 1++(7)등급 안심 미니샤토 (냉장), 150g, 1개](//thumbnail.coupangcdn.com/thumbnails/remote/320x320ex/image/retail/images/359861326395079-bd836395-6c55-48bb-a1c1-eea2584b27a3.JPG)\n![](https://image.coupangcdn.com/image/badges/falcon/v1/web/rocket-fresh@2x.png)\n![최대 1,705원 적립](https://image.coupangcdn.com/image/badges/cashback/web/list-cash-icon@2x.png)\n![농협안심한우 더한점 1등급 안심구이용 (냉장), 1개, 200g](//thumbnail.coupangcdn.com/thumbnails/remote/320x320ex/image/retail/images/704730698403550-45efad43-67f3-4c37-858b-08c9602463ef.jpg)\n![](https://image.coupangcdn.com/image/badges/falcon/v1/web/rocket-fresh@2x.png)\n![최대 1,139원 적립](https://image.coupangcdn.com/image/badges/cashback/web/list-cash-icon@2x.png)\n![보리육촌 국내산 소고기 안심 (냉장), 2개, 200g](//thumbnail.coupangcdn.com/thumbnails/remote/320x320ex/image/retail/images/9a320aca-62bd-47bd-903e-248a608440df4374331338701029413.png)\n![](https://image.coupangcdn.com/image/badges/falcon/v1/web/rocket-fresh@2x.png)\n![최대 1,838원 적립](https://image.coupangcdn.com/image/badges/cashback/web/list-cash-icon@2x.png)\n![설로인 한우 키즈로인 안심 1등급 (냉장), 1개, 150g](//thumbnail.coupangcdn.com/thumbnails/remote/320x320ex/image/rs_quotation_api/8u9na2oh/7d846e266f8a444bad66e6e992ee1738.jpg)\n![](https://image.coupangcdn.com/image/badges/falcon/v1/web/rocket-fresh@2x.png)\n![최대 1,448원 적립](https://image.coupangcdn.com/image/badges/cashback/web/list-cash-icon@2x.png)\n![보리육촌 국내산 소고기 안심 2등급 (냉장), 200g, 2개](//thumbnail.coupangcdn.com/thumbnails/remote/320x320ex/image/retail/images/717035517053715-cb55bd49-6367-40bf-a2d7-a63b639740da.jpg)\n![](https://image.coupangcdn.com/image/badges/falcon/v1/web/rocket-fresh@2x.png)\n![최대 1,935원 적립](https://image.coupangcdn.com/image/badges/cashback/web/list-cash-icon@2x.png)\n![1++등급 특수부위, 600g, 1세트, 특수부위300g + 특수부위300g](//thumbnail.coupangcdn.com/thumbnails/remote/320x320ex/image/vendor_inventory/8eb3/1405b5943c524111b3dfb30fa90ebe46664f67ecb1b138d365a76d66ad9a.jpg)\n![최대 1,990원 적립](https://image.coupangcdn.com/image/badges/cashback/web/list-cash-icon@2x.png)\n![1++ 한우 투뿔 모듬세트 600g 구이용 최고급, 1개](//thumbnail.coupangcdn.com/thumbnails/remote/320x320ex/image/vendor_inventory/88f2/a913a1e3d80a010a1aef581b6c2553946d31726d01ecd391db112c92ef03.png)\n![최대 3,200원 적립](https://image.coupangcdn.com/image/badges/cashback/web/list-cash-icon@2x.png)\n![곰곰 호주산 소고기 안심 스테이크용 (냉장), 300g, 3개](//thumbnail.coupangcdn.com/thumbnails/remote/320x320ex/image/retail/images/873079954912554-4e9fad88-e31d-48d8-90f6-e7eafca9707b.jpg)\n![](https://image.coupangcdn.com/image/badges/falcon/v1/web/rocket-fresh@2x.png)\n![최대 2,495원 적립](https://image.coupangcdn.com/image/badges/cashback/web/list-cash-icon@2x.png)\n![고기는 고기고 육즙가득 소고기 모듬팩 안창살+갈비살+토시살+우삼겹, 3개, 1kg](//thumbnail.coupangcdn.com/thumbnails/remote/320x320ex/image/vendor_inventory/ad0a/41aa76620e73fae7422152b7df93aca2b18180deca5963a8c11a0e1fd116.jpg)\n![최대 3,215원 적립](https://image.coupangcdn.com/image/badges/cashback/web/list-cash-icon@2x.png)\n![설로인 한우 안심 샤토브리앙 1등급 (냉장), 150g, 1개](//thumbnail.coupangcdn.com/thumbnails/remote/320x320ex/image/retail/images/5290934005750872-53a9f00b-ea25-4a27-bae6-8d818c9a7a31.jpg)\n![](https://image.coupangcdn.com/image/badges/falcon/v1/web/rocket-fresh@2x.png)\n![최대 1,818원 적립](https://image.coupangcdn.com/image/badges/cashback/web/list-cash-icon@2x.png)\n![목우촌 국내산 소고기 안심 스테이크용 (냉장), 300g, 1개](//thumbnail.coupangcdn.com/thumbnails/remote/320x320ex/image/retail/images/2022/10/17/15/8/20f881c7-cde2-4875-9333-1336c5991a64.jpg)\n![](https://image.coupangcdn.com/image/badges/falcon/v1/web/rocket-fresh@2x.png)\n![최대 1,493원 적립](https://image.coupangcdn.com/image/badges/cashback/web/list-cash-icon@2x.png)\n![유기농 호주산 소고기 안심 구이용 (냉장), 250g, 2개](//thumbnail.coupangcdn.com/thumbnails/remote/320x320ex/image/retail/images/51892664536187-a1a41bf8-3629-446a-b7ac-c42cf0109e59.jpg)\n![](https://image.coupangcdn.com/image/badges/falcon/v1/web/rocket-fresh@2x.png)\n![최대 3,140원 적립](https://image.coupangcdn.com/image/badges/cashback/web/list-cash-icon@2x.png)\n![팜스토리 국내산 소고기 안심 구이 (냉장), 300g, 1개](//thumbnail.coupangcdn.com/thumbnails/remote/320x320ex/image/retail/images/2022/03/11/12/9/b57f0533-1db7-48c8-85d5-ba3f36f5ef40.jpg)\n![](https://image.coupangcdn.com/image/badges/falcon/v1/web/rocket-fresh@2x.png)\n![최대 1,421원 적립](https://image.coupangcdn.com/image/badges/cashback/web/list-cash-icon@2x.png)\n![호주산 소고기 안심 스테이크용 (냉장), 150g, 2개](//thumbnail.coupangcdn.com/thumbnails/remote/320x320ex/image/retail/images/5a280940-0e92-46e6-9068-13a9f9f28c446840219603133673052.png)\n![](https://image.coupangcdn.com/image/badges/falcon/v1/web/rocket-fresh@2x.png)\n![최대 1,010원 적립](https://image.coupangcdn.com/image/badges/cashback/web/list-cash-icon@2x.png)\n![유기농 호주산 소고기 안심 구이용 (냉장), 250g, 1개](//thumbnail.coupangcdn.com/thumbnails/remote/320x320ex/image/retail/images/51765765778052-27840b40-a031-4ac4-80d8-868bd2516f40.JPG)\n![](https://image.coupangcdn.com/image/badges/falcon/v1/web/rocket-fresh@2x.png)\n![최대 1,619원 적립](https://image.coupangcdn.com/image/badges/cashback/web/list-cash-icon@2x.png)\n![호주산 소고기 안심 스테이크용 (냉장), 150g, 1개](//thumbnail.coupangcdn.com/thumbnails/remote/320x320ex/image/retail/images/2374022086606068-03b45249-6811-4f3f-8051-e5903f7b5d04.jpg)\n![](https://image.coupangcdn.com/image/badges/falcon/v1/web/rocket-fresh@2x.png)\n![최대 554원 적립](https://image.coupangcdn.com/image/badges/cashback/web/list-cash-icon@2x.png)\n![화담우 한우 안심 1+등급 구이용 (냉장), 200g, 2개](//thumbnail.coupangcdn.com/thumbnails/remote/320x320ex/image/retail/images/16886981686949-52903af6-2a3c-44b3-b234-c7b8f7fa1ae7.jpg)\n![](https://image.coupangcdn.com/image/badges/falcon/v1/web/rocket-fresh@2x.png)\n![최대 2,448원 적립](https://image.coupangcdn.com/image/badges/cashback/web/list-cash-icon@2x.png)\n![육교시 한우 간편한 안심 1등급 이유식용 (냉장), 300g, 1개](//thumbnail.coupangcdn.com/thumbnails/remote/320x320ex/image/retail/images/991666964491279-b70a71b0-a48c-40ab-bcac-ee9470c84976.jpg)\n![](https://image.coupangcdn.com/image/badges/falcon/v1/web/rocket-fresh@2x.png)\n![설로인 한우 안심 미니샤토 1등급 (냉장), 150g, 1개](//thumbnail.coupangcdn.com/thumbnails/remote/320x320ex/image/retail/images/4637495852068290-e2f988d0-eece-42b2-9b87-e211893e6d37.jpg)\n![](https://image.coupangcdn.com/image/badges/falcon/v1/web/rocket-fresh@2x.png)\n![최대 1,493원 적립](https://image.coupangcdn.com/image/badges/cashback/web/list-cash-icon@2x.png)\n![설로인 한우 1++(8)등급 안심 샤토브리앙 (냉장), 150g, 1개](//thumbnail.coupangcdn.com/thumbnails/remote/320x320ex/image/retail/images/359689328291907-7a126054-7962-4ff8-ae04-017138b48ecd.JPG)\n![](https://image.coupangcdn.com/image/badges/falcon/v1/web/rocket-fresh@2x.png)\n![최대 2,222원 적립](https://image.coupangcdn.com/image/badges/cashback/web/list-cash-icon@2x.png)\n![보리육촌 국내산 소고기 안심 (냉장), 1개, 200g](//thumbnail.coupangcdn.com/thumbnails/remote/320x320ex/image/rs_quotation_api/iyrfca2b/04a98f3a01c245a58d7624577d23cc40.jpg)\n![](https://image.coupangcdn.com/image/badges/falcon/v1/web/rocket-fresh@2x.png)\n![최대 948원 적립](https://image.coupangcdn.com/image/badges/cashback/web/list-cash-icon@2x.png)\n![설성목장 무항생제 한우 1등급 안심 스테이크용 (냉장), 200g, 1개](//thumbnail.coupangcdn.com/thumbnails/remote/320x320ex/image/retail/images/3109052164986621-c4be0830-8e8e-4656-a501-08b19709dfdf.jpg)\n![](https://image.coupangcdn.com/image/badges/falcon/v1/web/rocket-fresh@2x.png)\n![고기는 고기고 육즙가득 소고기 모듬팩 안창살+갈비살+토시살+우삼겹, 1개, 1kg](//thumbnail.coupangcdn.com/thumbnails/remote/320x320ex/image/vendor_inventory/a482/16679d3b91beae1de5dacf0d7fa0a13f4cd84892c350f9c7d8691c36170b.jpg)\n![최대 1,283원 적립](https://image.coupangcdn.com/image/badges/cashback/web/list-cash-icon@2x.png)\n![안동한우 거세우 산소포장 1+등급 안심 로스구이/스테이크, 1+등급 안심 스테이크(20mm), 400g, 1개](//thumbnail.coupangcdn.com/thumbnails/remote/320x320ex/image/vendor_inventory/d045/098bcada30e2c3f2710d18e70b3cf61589ce1c50025fe0d83f3b95ec64d7.png)\n![최대 2,400원 적립](https://image.coupangcdn.com/image/badges/cashback/web/list-cash-icon@2x.png)\n![미트엔조이 호주산 안심 스테이크 (냉장), 150g, 3개](//thumbnail.coupangcdn.com/thumbnails/remote/320x320ex/image/retail/images/f32bf8e5-b2af-46f8-adf2-4474135471554741686276477329157.png)\n![](https://image.coupangcdn.com/image/badges/falcon/v1/web/rocket-fresh@2x.png)\n![최대 1,540원 적립](https://image.coupangcdn.com/image/badges/cashback/web/list-cash-icon@2x.png)\n![[다우한우]한우 암소 1등급 안심 (냉장) 300g + 300g, 600g, 1개](//thumbnail.coupangcdn.com/thumbnails/remote/320x320ex/image/vendor_inventory/4630/315efc48ee8af55a23515f5cc90898b1fa70c7918aa1fde276646102c44a.jpg)\n![최대 3,290원 적립](https://image.coupangcdn.com/image/badges/cashback/web/list-cash-icon@2x.png)\n![[꿈에그린한우] 한우 1등급 안심 구이용 (냉장), 1개, 200g](//thumbnail.coupangcdn.com/thumbnails/remote/320x320ex/image/vendor_inventory/3faa/788e3ef16fdacb019fb7bc69d1a697035fdb3e5ac555927ecbc1450b0712.JPG)\n![최대 1,041원 적립](https://image.coupangcdn.com/image/badges/cashback/web/list-cash-icon@2x.png)\n![농협안심한우 안심 1+등급 구이용 (냉장), 200g, 2개](//thumbnail.coupangcdn.com/thumbnails/remote/320x320ex/image/retail/images/fec9e9ac-b3a1-4d63-b204-72464bd0ba952863447948358024136.png)\n![](https://image.coupangcdn.com/image/badges/falcon/v1/web/rocket-fresh@2x.png)\n![최대 2,448원 적립](https://image.coupangcdn.com/image/badges/cashback/web/list-cash-icon@2x.png)\n![녹색한우 무항생제인증 1+등급 쓰기편한 아이용 안심 덩어리 (냉장), 180g, 1개](//thumbnail.coupangcdn.com/thumbnails/remote/320x320ex/image/retail/images/2370410749375418-665f757d-88b8-4156-b405-bf33f097e3a4.jpg)\n![](https://image.coupangcdn.com/image/badges/falcon/v1/web/rocket-fresh@2x.png)\n![한우맘 한우 안심 1등급 구이용 (냉장), 200g, 1개](//thumbnail.coupangcdn.com/thumbnails/remote/320x320ex/image/retail/images/423529516559393-06320a28-77d4-4942-81cd-2a492c64ca8a.jpg)\n![](https://image.coupangcdn.com/image/badges/falcon/v1/web/rocket-fresh@2x.png)\n![최대 1,139원 적립](https://image.coupangcdn.com/image/badges/cashback/web/list-cash-icon@2x.png)\n![농협안심한우 안심 1등급 구이용 (냉장), 200g, 1개](//thumbnail.coupangcdn.com/thumbnails/remote/320x320ex/image/retail/images/28245625563450-1cd2fd09-bd5e-4de1-93ed-439d49e0b425.jpg)\n![](https://image.coupangcdn.com/image/badges/falcon/v1/web/rocket-fresh@2x.png)\n![최대 1,139원 적립](https://image.coupangcdn.com/image/badges/cashback/web/list-cash-icon@2x.png)\n![쇠고기집 육즙이 진한 프리미엄 한우 선물세트 명절선물, 1세트, 900g](//thumbnail.coupangcdn.com/thumbnails/remote/320x320ex/image/vendor_inventory/90ee/b1f3f14df612d212a8323d4e95615564ab1d8b34b1f90f4aae7f5489a989.jpg)\n![최대 5,490원 적립](https://image.coupangcdn.com/image/badges/cashback/web/list-cash-icon@2x.png)\n![[함평천지한우] 무항생제 국내산 소고기 한우 1+등급 안심 300g, 1개](//thumbnail.coupangcdn.com/thumbnails/remote/320x320ex/image/vendor_inventory/image_audit/stage/manual/8c779090-9834-4efe-ae19-36d7511a56a4_1755161559231.jpeg)\n![최대 2,169원 적립](https://image.coupangcdn.com/image/badges/cashback/web/list-cash-icon@2x.png)\n![도담우 국내산 안심 소고기 안심스테이크 구이용 (와사비솔트 증정), 4개, 200g](//thumbnail.coupangcdn.com/thumbnails/remote/320x320ex/image/vendor_inventory/757c/861892af05ed21b10366bd589d678df1888ed616b58ae4ad4cf678bba985.png)\n![최대 3,550원 적립](https://image.coupangcdn.com/image/badges/cashback/web/list-cash-icon@2x.png)\n![[에이징크래프트] 한우 숙성 등심/안심 구이용 A 세트 500g (스테이크용 등심 300g + 안심 200g), 1개](//thumbnail.coupangcdn.com/thumbnails/remote/320x320ex/image/vendor_inventory/image_audit/stage/manual/9a39308fb3ce263de4d905f717b232e1ac5b9884a867e9fd8768968d5327_1763631243602.png)\n![최대 3,450원 적립](https://image.coupangcdn.com/image/badges/cashback/web/list-cash-icon@2x.png)\n\nGlobal Site\n\n![](https://front.coupangcdn.com/front-web-next/_next/static/media/logo.f2c4ccb2.png)\n\n**채무지급보증 안내**   \n  당사는 고객님이 현금 결제한 금액에 대해   \n 채무지급보증 계약을 체결하여   \n 안전거래를 보장하고 있습니다.   \n [서비스 가입사실 확인 >](https://www.coupang.com/np/etc/popWooriService)\n\n![](https://front.coupangcdn.com/front-web-next/_next/static/media/5.73affd35.png)\n![](https://front.coupangcdn.com/front-web-next/_next/static/media/6.901d77a5.png)\n\n사이버몰 내 판매되는 상품 중에는 쿠팡에 등록한 개별 판매자가 판매하는 마켓플레이스(오픈마켓) 상품이 포함되어 있습니다.   \n 마켓플레이스(오픈마켓) 상품의 경우 쿠팡은 통신판매중개자이며 통신판매의 당사자가 아닙니다.   \n 쿠팡은 마켓플레이스(오픈마켓) 상품, 거래정보 및 거래 등에 대하여 책임을 지지 않습니다.   \n 쿠팡은 소비자 보호와 안전거래를 위해 신뢰관리센터(CM112@coupang.com)를 운영하고 있으며, 관련 분쟁이 발생할 경우 별도의 분쟁 처리절차에 의거 분쟁이 처리됩니다.   \n Copyright © Coupang Corp. 2010-2025 All Rights Reserved.\n\n![](https://front.coupangcdn.com/front-web-next/_next/static/media/f.34bde318.png)\n![](https://front.coupangcdn.com/front-web-next/_next/static/media/b.637cda1c.png)\n![](https://front.coupangcdn.com/front-web-next/_next/static/media/s.a7aca4ea.png)"
      },
      {
        "platform": "coupang",
        "title": "절대육감 1등급 숙성 암소 한우 안심 스테이크 냉장 국내산 구이용 스...",
        "url": "https://www.coupang.com/vp/products/8987401540",
        "snippet": "쿠팡에서 절대육감 1등급 숙성 암소 한우 안심 스테이크 냉장 국내산 구이용 스테이크용 , 200g, 1개 구매하고 더 많은 혜택을 받으세요! 지금 할인중인 다른 안심 제품도 바로 쿠팡에서 확인할 수 있습니다.",
        "score": 0.52773094,
        "timestamp": "2025-11-29T05:41:09.765655",
        "raw_content": null
      },
      {
        "platform": "coupang",
        "title": "푸드랩플러스 호주산 안심 스테이크용 (냉장), 200g, 2팩 - 스테이크 | 쿠팡",
        "url": "https://www.coupang.com/vp/products/7405900330?itemId=19597940466&vendorItemId=86705160158&q=%EB%AF%B8%EA%B5%AD%EC%82%B0%EC%95%88%EC%8B%AC&searchId=901f6ff4937784&sourceType=search&itemsCount=36&searchRank=57&rank=57",
        "snippet": "현재 별점 4.5점, 리뷰 292개를 가진 푸드랩플러스 호주산안심스테이크용(냉장), 200g, 2팩! 지금 쿠팡에서 더 저렴하고 다양한 스테이크 제품들을 확인해보세요.",
        "score": 0.5192538,
        "timestamp": "2025-11-29T05:41:09.765658",
        "raw_content": null
      },
      {
        "platform": "coupang",
        "title": "쿠팡! - 스테이크용 - Coupang",
        "url": "https://www.coupang.com/np/search?q=%EC%8A%A4%ED%85%8C%EC%9D%B4%ED%81%AC%EC%9A%A9&channel=user",
        "snippet": "Image 80: 호주산 등심 스테이크용 1kg 베스트비프, 1개 호주산 등심 스테이크용 1kg 베스트비프, 1개 ~~24,000원~~ 2% 23,400원 (100g당 2,340원) 배송비 3,500원 조건부 무료배송 12/2(화) 도착 예정 오늘출발 4.5 (802)\n   Image 81: 우마왕 한우 안심 스테이크용 1++ 구이용 소고기, 1개, 200g 우마왕 한우 안심 스테이크용 1++ 구이용 소고기, 1개, 200g 쿠폰할인· 20:02:49~~76,000원~~ 34% 49,500원 (100g당 24,750원) 12/2(화) 도착 예정 무료배송 ∙ 오늘출발 ∙ 무료반품 4.5 (2)\n   Image 82: 미트엔조이 호주산 소고기 척아이롤 (냉장), 300g, 1개 미트엔조이 호주산 소고기 척아이롤 (냉장), 300g, 1개 ~~11,100원~~ 11% 9,830원 (100g당 3,277원) Image 83 오늘(토) 도착 보장 4.5 (6374) [...] Image 92: 미국산 초이스등급 세절 구이용 안심 200g x 2팩 (2-3인분), 2개 미국산 초이스등급 세절 구이용 안심 200g x 2팩 (2-3인분), 2개 쿠폰할인~~27,750원~~ 33% 18,500원 (100g당 4,625원) 12/3(수) 도착 예정 무료배송\n   Image 93: 명장의 맛 시즈닝 부채살 스테이크 (냉장), 200g, 1개 명장의 맛 시즈닝 부채살 스테이크 (냉장), 200g, 1개 ~~15,900원~~ 44% 8,870원 (100g당 4,435원) Image 94 오늘(토) 도착 보장 4.5 (3253)\n   Image 95: 목우촌 국내산 소고기 안심 스테이크용 (냉장), 300g, 1개 목우촌 국내산 소고기 안심 스테이크용 (냉장), 300g, 1개 ~~49,990원~~ 40% 29,850원 (100g당 9,950원) Image 96 오늘(토) 도착 보장 5 (2069) [...] [![Image 90: [예담우] 소고기 국내산 냉장 안심 스테이크 로스 구이용 캠핑, 4개, 250g]( [예담우] 소고기 국내산 냉장 안심 스테이크 로스 구이용 캠핑, 4개, 250g 할인~~38,900원~~ 12% 34,110원 (100g당 3,411원) 12/4(목) 도착 예정 무료배송 4 (183)](\n   [![Image 91: [냉장]고기의 황제 솔트에이징 토마호크, 720g, 1개]( [냉장]고기의 황제 솔트에이징 토마호크, 720g, 1개 35,500원 (100g당 4,931원) 배송비 3,000원 조건부 무료배송 12/3(수) 도착 예정 4.5 (22) 쿠팡으로부터 광고 서비스를 구매한 제휴업체의 판매상품으로 일반 상품보다 우선 정렬됩니다. AD](",
        "score": 0.51310796,
        "timestamp": "2025-11-29T05:41:09.765660",
        "raw_content": "쿠팡이 추천하는 스테이크용 관련 혜택과 특가\n\n===============\n\n[![Image 1](https://static.coupangcdn.com/ea/cmg_paperboy/image/1646271114206/C0-Left_basic.jpg)](https://www.coupang.com/np/campaigns/82?adType=DA&eventId=lAiiOpCv3PKqFjxf)[![Image 2](https://static.coupangcdn.com/ya/cmg_paperboy/image/1764139787980/C0.jpg)](https://pages.coupang.com/p/157429?adType=DA&eventId=6XOWSDg7kwnQJPTZ)\n\n[X](https://www.coupang.com/np/search?q=%EC%8A%A4%ED%85%8C%EC%9D%B4%ED%81%AC%EC%9A%A9&channel=user)\n\n*   [판매자 가입](https://wing.coupang.com/tenants/vendor-signup/signup?utm_source=button_pc_coupang_app_category_3&utm_medium=non_paid&utm_id=onsite_ca&utm_content=20240328)\n*   [고객센터](https://mc.coupang.com/ssr/desktop/contact/faq)\n[자주묻는 질문](https://mc.coupang.com/ssr/desktop/contact/faq)[1:1 채팅문의](https://mc.coupang.com/ssr/desktop/contact/inquiry)[고객의 소리](https://mc.coupang.com/ssr/desktop/contact/voc)[취소 / 반품 안내](https://www.coupang.com/returnPolicy.pang)\n\n*   [회원가입](https://login.coupang.com/login/memberJoinFrm.pang \"회원가입\")\n*   [로그인](https://login.coupang.com/login/login.pang?rtnUrl=https%3A%2F%2Fwww.coupang.com%2Fnp%2Fpost%2Flogin%3Fr%3Dhttp%253A%252F%252Fwww.coupang.com%252Fnp%252Fsearch%253Fq%253D%2525EC%25258A%2525A4%2525ED%252585%25258C%2525EC%25259D%2525B4%2525ED%252581%2525AC%2525EC%25259A%2525A9%2526channel%253Duser \"로그인\")\n*   [즐겨찾기](https://www.coupang.com/np/search?q=%EC%8A%A4%ED%85%8C%EC%9D%B4%ED%81%AC%EC%9A%A9&channel=user)\n*   [입점신청](https://www.coupang.com/np/search?q=%EC%8A%A4%ED%85%8C%EC%9D%B4%ED%81%AC%EC%9A%A9&channel=user)\n[오픈마켓](https://marketplace.coupangcorp.com/s/?utm_source=button_pc&utm_medium=non_paid&utm_campaign=onsite_ca&utm_id=coupang_app)[여행·티켓](https://with.coupang.com/contract/initialize)[로켓배송](https://supplier.coupang.com/welcome/join)[제휴마케팅](https://partners.coupang.com/)[로켓그로스](https://sell.coupang.com/?utm_source=web_button_pc_rg&utm_medium=referral&utm_campaign=onsite_lead&utm_id=coupang_web?inflow=WEB_HEADER_B)\n\n.\n\n카테고리\n\n쇼핑\n\n티켓\n\n테마관\n\n*   [입점/판매 신청](https://wing.coupang.com/tenants/vendor-signup/signup?utm_source=button_pc_coupang_app_category_3&utm_medium=non_paid&utm_id=onsite_ca&utm_content=20240328)\n\n[![Image 3: Coupang](https://image7.coupangcdn.com/image/coupang/common/logo_coupang_w350.png)](https://www.coupang.com/)\n\n[전체](https://www.coupang.com/np/search?q=%EC%8A%A4%ED%85%8C%EC%9D%B4%ED%81%AC%EC%9A%A9&channel=user)\n\n전체삭제 최근검색어끄기\n\n[](https://www.coupang.com/np/search?q=%EC%8A%A4%ED%85%8C%EC%9D%B4%ED%81%AC%EC%9A%A9&channel=user)![Image 4](https://front.coupangcdn.com/front-web-next/_next/static/media/search.85cd3dbf.png)\n*   [![Image 5](https://front.coupangcdn.com/front-web-next/_next/static/media/person.07e45e52.png)마이쿠팡](https://mc.coupang.com/ssr/desktop/order/list)\n[주문목록](https://mc.coupang.com/ssr/desktop/order/list)[취소/반품](https://mc.coupang.com/ssr/desktop/cancel-return-exchange/list)[찜 리스트](https://wish-web.coupang.com/wishInitView.pang)\n\n*   [![Image 6](https://front.coupangcdn.com/front-web-next/_next/static/media/cart.ccef8f9e.png)_0_ 장바구니](https://cart.coupang.com/cartView.pang)\n\n  \n\n    *   장바구니에 담긴 상품이 없습니다.\n\n[장바구니 전체보기](https://cart.coupang.com/cartView.pang)\n\n[](https://www.coupang.com/np/search?q=%EC%8A%A4%ED%85%8C%EC%9D%B4%ED%81%AC%EC%9A%A9&channel=user)\n\n*   [![Image 7: 쿠팡플레이](https://image.coupangcdn.com/image/coupang/home/icons/web/kr/coupang-play.png)쿠팡플레이](https://www.coupangplay.com/catalog)\n*   [![Image 8: 로켓배송](https://image.coupangcdn.com/image/coupang/home/icons/web/kr/rocket-delivery.png)로켓배송](https://www.coupang.com/np/campaigns/82)\n*   [![Image 9: 로켓프레시](https://image.coupangcdn.com/image/coupang/home/icons/web/kr/rocket-fresh.png)로켓프레시](https://www.coupang.com/np/categories/393760)\n*   [![Image 10: 크리스마스](https://image.coupangcdn.com/image/coupang/home/icons/Christmas/Christmas_PC_2025.png)크리스마스](https://pages.coupang.com/p/158677)\n*   [![Image 11: 다시 구매](https://image.coupangcdn.com/image/coupang/common/fbi_icon_3x.png)다시 구매](https://www.coupang.com/np/fbi?sourceType=home_section_fbi)\n*   [![Image 12: 쿠팡비즈](https://image.coupangcdn.com/image/coupang/home/icons/web/kr/biz.png)쿠팡비즈](https://login.coupang.com/corporation/member/landing-page)\n*   [![Image 13: 로켓직구](https://image.coupangcdn.com/image/coupang/home/icons/web/kr/oversea-delivery.png)로켓직구](https://www.coupang.com/np/coupangglobal)\n*   [![Image 14: 골드박스](https://image.coupangcdn.com/image/coupang/home/icons/web/kr/gold-box.png)골드박스](https://pages.coupang.com/p/121237?sourceType=gm_crm_goldbox&subSourceType=gm_crm_gwsrtcut)\n*   [![Image 15: 이달의신상](https://image.coupangcdn.com/image/coupang/home/icons/web/kr/new-item-of-month.png)이달의신상](https://pages.coupang.com/p/136938)\n*   [![Image 16: 판매자특가](https://image.coupangcdn.com/image/coupang/home/icons/web/kr/omp.png)판매자특가](https://www.coupang.com/np/omp)\n*   [![Image 17: 와우회원할인](https://image.coupangcdn.com/image/coupang/home/icons/web/kr/wow.png)와우회원할인](https://www.coupang.com/np/campaigns/83)\n*   [![Image 18: 이벤트/쿠폰](https://image.coupangcdn.com/image/coupang/home/icons/web/kr/benefit.png)이벤트/쿠폰](https://www.coupang.com/np/coupangbenefit)\n*   [![Image 19: 반품마켓](https://image.coupangcdn.com/image/coupang/home/icons/web/kr/returned-market.png)반품마켓](https://pages.coupang.com/p/54908)\n*   [![Image 20: 착한상점](https://image.coupangcdn.com/image/coupang/home/icons/web/kr/sustainable-market.png)착한상점](https://pages.coupang.com/p/63240)\n*   [![Image 21: 기획전](https://image.coupangcdn.com/image/coupang/home/icons/web/kr/event.png)기획전](https://pages.coupang.com/p/bep?sourceType=gm_crm_oms&subSourceType=gm_crm_gwsrtcut)\n*   [![Image 22: 쿠팡트래블](https://image.coupangcdn.com/image/coupang/home/icons/web/kr/travel.png)쿠팡트래블](https://trip.coupang.com/?channel=gnb)\n*   [![Image 23: 입점신청](https://image.coupangcdn.com/image/coupang/home/icons/web/kr/sell-on-coupang.png)입점신청](https://wing.coupang.com/tenants/vendor-signup/signup?utm_source=button_pc_coupang_shortcut_1&utm_medium=non_paid&utm_id=onsite_ca&utm_content=202411)\n\n[](https://www.coupang.com/np/search?q=%EC%8A%A4%ED%85%8C%EC%9D%B4%ED%81%AC%EC%9A%A9&channel=user)\n\n[전체](https://www.coupang.com/np/search?q=%EC%8A%A4%ED%85%8C%EC%9D%B4%ED%81%AC%EC%9A%A9&channel=user#)\n*   [전체](https://www.coupang.com/np/search?q=%EC%8A%A4%ED%85%8C%EC%9D%B4%ED%81%AC%EC%9A%A9&channel=user#)\n\n전체삭제 최근검색어끄기\n\n[](https://www.coupang.com/np/search?q=%EC%8A%A4%ED%85%8C%EC%9D%B4%ED%81%AC%EC%9A%A9&channel=user)![Image 24](https://front.coupangcdn.com/front-web-next/_next/static/media/search.85cd3dbf.png)\n\n[스테이크용소고기](https://www.coupang.com/np/search?q=%EC%8A%A4%ED%85%8C%EC%9D%B4%ED%81%AC%EC%9A%A9%EC%86%8C%EA%B3%A0%EA%B8%B0&channel=undefined \"스테이크용소고기\")[소고기스테이크용](https://www.coupang.com/np/search?q=%EC%86%8C%EA%B3%A0%EA%B8%B0%EC%8A%A4%ED%85%8C%EC%9D%B4%ED%81%AC%EC%9A%A9&channel=undefined \"소고기스테이크용\")[스테이크](https://www.coupang.com/np/search?q=%EC%8A%A4%ED%85%8C%EC%9D%B4%ED%81%AC&channel=undefined \"스테이크\")[소고기](https://www.coupang.com/np/search?q=%EC%86%8C%EA%B3%A0%EA%B8%B0&channel=undefined \"소고기\")[한우](https://www.coupang.com/np/search?q=%ED%95%9C%EC%9A%B0&channel=undefined \"한우\")[부채살](https://www.coupang.com/np/search?q=%EB%B6%80%EC%B1%84%EC%82%B4&channel=undefined \"부채살\")[소고기구이용](https://www.coupang.com/np/search?q=%EC%86%8C%EA%B3%A0%EA%B8%B0%EA%B5%AC%EC%9D%B4%EC%9A%A9&channel=undefined \"소고기구이용\")[소고기스테이크](https://www.coupang.com/np/search?q=%EC%86%8C%EA%B3%A0%EA%B8%B0%EC%8A%A4%ED%85%8C%EC%9D%B4%ED%81%AC&channel=undefined \"소고기스테이크\")[등심](https://www.coupang.com/np/search?q=%EB%93%B1%EC%8B%AC&channel=undefined \"등심\")\n\n[](https://www.coupang.com/np/search?q=%EC%8A%A4%ED%85%8C%EC%9D%B4%ED%81%AC%EC%9A%A9&channel=user)\n\n*   [![Image 25: 쿠팡플레이](https://image.coupangcdn.com/image/coupang/home/icons/web/kr/coupang-play.png)쿠팡플레이](https://www.coupangplay.com/catalog)\n*   [![Image 26: 로켓배송](https://image.coupangcdn.com/image/coupang/home/icons/web/kr/rocket-delivery.png)로켓배송](https://www.coupang.com/np/campaigns/82)\n*   [![Image 27: 로켓프레시](https://image.coupangcdn.com/image/coupang/home/icons/web/kr/rocket-fresh.png)로켓프레시](https://www.coupang.com/np/categories/393760)\n*   [![Image 28: 크리스마스](https://image.coupangcdn.com/image/coupang/home/icons/Christmas/Christmas_PC_2025.png)크리스마스](https://pages.coupang.com/p/158677)\n*   [![Image 29: 다시 구매](https://image.coupangcdn.com/image/coupang/common/fbi_icon_3x.png)다시 구매](https://www.coupang.com/np/fbi?sourceType=home_section_fbi)\n*   [![Image 30: 쿠팡비즈](https://image.coupangcdn.com/image/coupang/home/icons/web/kr/biz.png)쿠팡비즈](https://login.coupang.com/corporation/member/landing-page)\n*   [![Image 31: 로켓직구](https://image.coupangcdn.com/image/coupang/home/icons/web/kr/oversea-delivery.png)로켓직구](https://www.coupang.com/np/coupangglobal)\n*   [![Image 32: 골드박스](https://image.coupangcdn.com/image/coupang/home/icons/web/kr/gold-box.png)골드박스](https://pages.coupang.com/p/121237?sourceType=gm_crm_goldbox&subSourceType=gm_crm_gwsrtcut)\n*   [![Image 33: 이달의신상](https://image.coupangcdn.com/image/coupang/home/icons/web/kr/new-item-of-month.png)이달의신상](https://pages.coupang.com/p/136938)\n*   [![Image 34: 판매자특가](https://image.coupangcdn.com/image/coupang/home/icons/web/kr/omp.png)판매자특가](https://www.coupang.com/np/omp)\n*   [![Image 35: 와우회원할인](https://image.coupangcdn.com/image/coupang/home/icons/web/kr/wow.png)와우회원할인](https://www.coupang.com/np/campaigns/83)\n*   [![Image 36: 이벤트/쿠폰](https://image.coupangcdn.com/image/coupang/home/icons/web/kr/benefit.png)이벤트/쿠폰](https://www.coupang.com/np/coupangbenefit)\n*   [![Image 37: 반품마켓](https://image.coupangcdn.com/image/coupang/home/icons/web/kr/returned-market.png)반품마켓](https://pages.coupang.com/p/54908)\n*   [![Image 38: 착한상점](https://image.coupangcdn.com/image/coupang/home/icons/web/kr/sustainable-market.png)착한상점](https://pages.coupang.com/p/63240)\n*   [![Image 39: 기획전](https://image.coupangcdn.com/image/coupang/home/icons/web/kr/event.png)기획전](https://pages.coupang.com/p/bep?sourceType=gm_crm_oms&subSourceType=gm_crm_gwsrtcut)\n*   [![Image 40: 쿠팡트래블](https://image.coupangcdn.com/image/coupang/home/icons/web/kr/travel.png)쿠팡트래블](https://trip.coupang.com/?channel=gnb)\n*   [![Image 41: 입점신청](https://image.coupangcdn.com/image/coupang/home/icons/web/kr/sell-on-coupang.png)입점신청](https://wing.coupang.com/tenants/vendor-signup/signup?utm_source=button_pc_coupang_shortcut_1&utm_medium=non_paid&utm_id=onsite_ca&utm_content=202411)\n\n[](https://www.coupang.com/np/search?q=%EC%8A%A4%ED%85%8C%EC%9D%B4%ED%81%AC%EC%9A%A9&channel=user)\n\n[장바구니 _0_](https://cart.coupang.com/cartView.pang)\n\n최근본상품 _0_\n\n*   최근본 상품이\n\n없습니다.\n\n/[prev](https://www.coupang.com/np/%EC%9D%B4%EC%A0%84%20%ED%8E%98%EC%9D%B4%EC%A7%80%20%EB%B3%B4%EA%B8%B0)[next](https://www.coupang.com/np/%EB%8B%A4%EC%9D%8C%20%ED%8E%98%EC%9D%B4%EC%A7%80%20%EB%B3%B4%EA%B8%B0)\n\n[![Image 42: Coupang](https://image7.coupangcdn.com/image/coupang/common/logo_coupang_w350.png)](https://www.coupang.com/)\n\n[전체](https://www.coupang.com/np/search?q=%EC%8A%A4%ED%85%8C%EC%9D%B4%ED%81%AC%EC%9A%A9&channel=user)\n\n전체삭제 최근검색어끄기\n\n[](https://www.coupang.com/np/search?q=%EC%8A%A4%ED%85%8C%EC%9D%B4%ED%81%AC%EC%9A%A9&channel=user)![Image 43](https://front.coupangcdn.com/front-web-next/_next/static/media/search.85cd3dbf.png)\n\n[스테이크용소고기](https://www.coupang.com/np/search?q=%EC%8A%A4%ED%85%8C%EC%9D%B4%ED%81%AC%EC%9A%A9%EC%86%8C%EA%B3%A0%EA%B8%B0&channel=undefined \"스테이크용소고기\")[소고기스테이크용](https://www.coupang.com/np/search?q=%EC%86%8C%EA%B3%A0%EA%B8%B0%EC%8A%A4%ED%85%8C%EC%9D%B4%ED%81%AC%EC%9A%A9&channel=undefined \"소고기스테이크용\")[스테이크](https://www.coupang.com/np/search?q=%EC%8A%A4%ED%85%8C%EC%9D%B4%ED%81%AC&channel=undefined \"스테이크\")[소고기](https://www.coupang.com/np/search?q=%EC%86%8C%EA%B3%A0%EA%B8%B0&channel=undefined \"소고기\")[한우](https://www.coupang.com/np/search?q=%ED%95%9C%EC%9A%B0&channel=undefined \"한우\")[부채살](https://www.coupang.com/np/search?q=%EB%B6%80%EC%B1%84%EC%82%B4&channel=undefined \"부채살\")[소고기구이용](https://www.coupang.com/np/search?q=%EC%86%8C%EA%B3%A0%EA%B8%B0%EA%B5%AC%EC%9D%B4%EC%9A%A9&channel=undefined \"소고기구이용\")[소고기스테이크](https://www.coupang.com/np/search?q=%EC%86%8C%EA%B3%A0%EA%B8%B0%EC%8A%A4%ED%85%8C%EC%9D%B4%ED%81%AC&channel=undefined \"소고기스테이크\")[등심](https://www.coupang.com/np/search?q=%EB%93%B1%EC%8B%AC&channel=undefined \"등심\")\n\n*   [전체](https://www.coupang.com/np/search?q=%EC%8A%A4%ED%85%8C%EC%9D%B4%ED%81%AC%EC%9A%A9&channel=user)\n\n**'스테이크용'**\n\n#### 필터\n\n*   ![Image 44: rocket_luxury,rocket,coupang_global](https://image.coupangcdn.com/image/badges/falcon/v1/web/rocket-all@2x.png) \n\n    *   ![Image 45: rocket_luxury](https://image.coupangcdn.com/image/coupang/rds/logo/iphone_2x/rds_logo_rlux_light_101719300269126@2x.png)만 보기 \n    *   ![Image 46: rocket](https://image.coupangcdn.com/image/badges/falcon/v1/web/txt_rocket@2x.png)만 보기 \n    *   ![Image 47: coupang_global](https://image.coupangcdn.com/image/badges/falcon/v1/web/txt_jikgu@2x.png)만 보기 \n\n*   ![Image 48: top_brand](https://image.coupangcdn.com/image/badges/top_brand/c-avenue.svg) \n*   무료배송 \n\n##### 카테고리\n\n*   [전체](https://www.coupang.com/) \n*   [식품](https://www.coupang.com/np/categories/194276) \n*   [헬스/건강식품](https://www.coupang.com/np/categories/305798) \n*   [쿠팡수입](https://www.coupang.com/np/categories/510691) \n*   [싱글라이프](https://www.coupang.com/np/categories/433784) \n*   [미세먼지용품](https://www.coupang.com/np/campaigns/17593) \n*   [로켓직구](https://www.coupang.com/np/coupangglobal) \n*   [주방용품](https://www.coupang.com/np/categories/185669) \n*   [결혼준비](https://www.coupang.com/np/categories/416130) \n*   [생활용품](https://www.coupang.com/np/categories/115673) \n*   [가전디지털](https://www.coupang.com/np/categories/178255) \n*   [스포츠/레저](https://www.coupang.com/np/categories/317778) \n*   [홈인테리어](https://www.coupang.com/np/categories/184555) \n*   [문구/오피스](https://www.coupang.com/np/categories/177295) \n*   [반려동물용품](https://www.coupang.com/np/categories/115674) \n*   [홈카페](https://www.coupang.com/np/categories/316168) \n*   [완구/취미](https://www.coupang.com/np/categories/317779) \n*   [실버스토어](https://www.coupang.com/np/categories/383370) \n*   [출산/유아동](https://www.coupang.com/np/categories/221934) \n*   [패션의류/잡화](https://www.coupang.com/np/categories/564653) \n*   [아트/공예](https://www.coupang.com/np/categories/410273) \n*   [뷰티](https://www.coupang.com/np/categories/176522) \n*   [자동차용품](https://www.coupang.com/np/categories/184060) \n*   [도서/음반/DVD](https://www.coupang.com/np/categories/317777) \n*   [R.LUX](https://www.coupang.com/np/campaigns/18530) \n\n+ 더보기\n\n##### 브랜드\n\n*   미트엔조이 \n*   미트지엥 \n*   푸드랩플러스 \n*   gomgom \n*   설화우 \n*   농협 \n*   목우촌 \n*   호주청정우 \n*   설성목장 \n*   서티파이드앵거스비프 \n*   푸드장 \n*   프레시지 \n*   동원홈푸드 \n*   육교시 \n*   생생한우 \n*   이로우 \n*   보리육촌 \n*   미트프로젝트 \n*   참연담소 \n*   미트아울렛 \n\n+ 더보기\n\n##### 상품 상태\n\n*   새 상품 \n*   박스 훼손 \n*   반품 \n*   중고 \n\n##### 낱개상품 여부\n\n*   낱개상품 \n\n##### 총 중량\n\n*   300g 이하 \n*   300~500g \n*   500~700g \n*   700~1kg \n*   1~3kg \n*   3kg 이상 \n\n##### 보관방식\n\n*   냉장보관 \n*   냉동보관 \n*   실온보관 \n\n##### 부위\n\n*   살치살 \n*   갈비 \n*   우둔살 \n*   안심 \n*   부채살 \n*   채끝 \n*   토시살 \n*   안창살 \n*   등심 \n*   치마살 \n*   업진살 \n*   제비추리 \n*   양지 \n*   사태 \n*   설도 \n*   목심 \n*   앞다리살 \n*   꼬리 \n\n+ 더보기\n\n##### 용도\n\n*   구이용 \n*   스테이크 \n*   국거리 \n*   불고기/샤브샤브 \n*   다짐육 \n*   이유식재료 \n*   찜/장조림 \n*   사골/곰탕 \n*   큐브/찹스테이크 \n\n+ 더보기\n\n##### 가공방식\n\n*   일반 \n*   시즈닝 \n*   양념 \n\n##### 축산물 원산지\n\n*   국내산 \n*   수입산 \n\n##### 한우 등급\n\n*   1++등급 \n*   1+등급 \n*   1등급 \n*   2등급 \n\n##### 종류\n\n*   소 \n*   돼지 \n\n##### 유기농/친환경 등\n\n*   인증 있음 \n\n##### 별점\n\n*   별점 전체 \n*   4점 이상 \n*   3점 이상 \n*   2점 이상 \n*   1점 이상 \n\n##### 가격\n\n*   가격 전체 \n*   2만원 이하 \n*   2만원~4만원 \n*   4만원~6만원 \n*   6만원~8만원 \n*   8만원 이상 \n\n~원 검색 \n\n현재 검색 결과에 만족하셨나요?\n\n어떤 문제가 있었나요?\n\n*   필터가 도움이 안 돼요\n*   관련 없는 상품이 있어요\n*   추천해준 검색어가 도움이 안 돼요\n*   이미지나 정보가 부정확해요\n*   기타 원하는 옵션이 없어요\n\n**'스테이크용'**에 대한 검색결과\n====================\n\n연관검색어: [스테이크용소고기](https://www.coupang.com/np/search?q=%EC%8A%A4%ED%85%8C%EC%9D%B4%ED%81%AC%EC%9A%A9%EC%86%8C%EA%B3%A0%EA%B8%B0&channel=relate \"스테이크용소고기\")[소고기스테이크용](https://www.coupang.com/np/search?q=%EC%86%8C%EA%B3%A0%EA%B8%B0%EC%8A%A4%ED%85%8C%EC%9D%B4%ED%81%AC%EC%9A%A9&channel=relate \"소고기스테이크용\")[스테이크](https://www.coupang.com/np/search?q=%EC%8A%A4%ED%85%8C%EC%9D%B4%ED%81%AC&channel=relate \"스테이크\")[소고기](https://www.coupang.com/np/search?q=%EC%86%8C%EA%B3%A0%EA%B8%B0&channel=relate \"소고기\")[한우](https://www.coupang.com/np/search?q=%ED%95%9C%EC%9A%B0&channel=relate \"한우\")[부채살](https://www.coupang.com/np/search?q=%EB%B6%80%EC%B1%84%EC%82%B4&channel=relate \"부채살\")[소고기구이용](https://www.coupang.com/np/search?q=%EC%86%8C%EA%B3%A0%EA%B8%B0%EA%B5%AC%EC%9D%B4%EC%9A%A9&channel=relate \"소고기구이용\")[소고기스테이크](https://www.coupang.com/np/search?q=%EC%86%8C%EA%B3%A0%EA%B8%B0%EC%8A%A4%ED%85%8C%EC%9D%B4%ED%81%AC&channel=relate \"소고기스테이크\")[등심](https://www.coupang.com/np/search?q=%EB%93%B1%EC%8B%AC&channel=relate \"등심\")\n\n배송비 포함 \n\n*   쿠팡 랭킹순 \n\n설명 \n\n쿠팡 랭킹순은 판매 실적, 고객 선호도, 상품 경쟁력 및\n\n검색 정확도 등을 종합적으로 고려한 것입니다.\n    *   판매 실적 : 상품의 구매 건수\n    *   고객 선호도 : 상품 및 판매자에 대한 고객평가 등\n    *   상품 경쟁력 : 상품 가격, 배송 기간 등\n    *   검색 정확도 : 검색어와 상품 간 연관도 등\n\n이 밖에 쿠팡 랭킹순에는 고객의 편의 및 만족도\n\n향상을 위한 추가적인 요소가 수시로 반영될 수 있습니다.\n\n*   낮은가격순 \n*   높은가격순 \n*   판매량순 \n*   최신순 \n\n*   36 개씩 보기 \n*   48 개씩 보기 \n*   60 개씩 보기 \n*   72 개씩 보기 \n\n필터\n\n![Image 49](https://thumbnail7.coupangcdn.com/thumbnails/remote/292x292q65ex/image/retail/images/76741167156261-bee4a478-7186-474d-8e07-966ccb239b5f.jpg)\n\n미국산 초이스 부채살 스테이크용 (냉장), 1kg, 2개\n\n![Image 50](http://image14.coupangcdn.com/image/coupang/rds/logo/xxxhdpi/logo_fresh_medium.png)\n\n오늘(토) 도착 보장\n\n(6,881)\n\n![Image 51](http://image2.coupangcdn.com/image/cmg/srp/topBanner/android/cta_arrow_xxxhdpi.png)\n\n광고\n\n![Image 52](https://image.coupangcdn.com/image/cmg/common/tooltip-icon@2x.png)\n\n*   [![Image 53: 도담우 국내산 안심 소고기 안심스테이크 구이용 (와사비솔트 증정), 1개, 200g](https://thumbnail.coupangcdn.com/thumbnails/remote/320x320ex/image/vendor_inventory/757c/861892af05ed21b10366bd589d678df1888ed616b58ae4ad4cf678bba985.png) 도담우 국내산 안심 소고기 안심스테이크 구이용 (와사비솔트 증정), 1개, 200g ~~24,000원~~ 16% 20,000원 (100g당 10,000원) 12/2(화) 도착 예정 무료배송 ∙ 오늘출발 4.5 (15) 쿠팡으로부터 광고 서비스를 구매한 제휴업체의 판매상품으로 일반 상품보다 우선 정렬됩니다. AD](https://www.coupang.com/vp/products/9021041693?itemId=26449903797&vendorItemId=93425381660&sourceType=srp_product_ads&clickEventId=450dee70-cc7b-11f0-96d2-94ab841bae45&korePlacement=15&koreSubPlacement=1&clickEventId=450dee70-cc7b-11f0-96d2-94ab841bae45&korePlacement=15&koreSubPlacement=1)\n*   [![Image 54: 푸드랩플러스 호주산 곡물 살치살 스테이크 (냉장), 400g, 1개](https://thumbnail.coupangcdn.com/thumbnails/remote/320x320ex/image/retail/images/2021/09/03/17/9/13a89477-f201-4730-bf66-8b3b1f699e02.jpg) 푸드랩플러스 호주산 곡물 살치살 스테이크 (냉장), 400g, 1개 ~~29,900원~~ 38% 18,260원 (100g당 4,565원) ![Image 55](https://image.coupangcdn.com/image/badges/falcon/v1/web/rocket-fresh@2x.png) 오늘(토) 도착 보장 4.5 (10711) 1](https://www.coupang.com/vp/products/8032860067?itemId=11209122095&vendorItemId=78486692281&q=%EC%8A%A4%ED%85%8C%EC%9D%B4%ED%81%AC%EC%9A%A9&searchId=e6d7e4a7487121&sourceType=search&itemsCount=36&searchRank=1&rank=1)\n*   [![Image 56: 미국산 초이스 부채살 스테이크용 (냉장), 1kg, 1개](https://thumbnail.coupangcdn.com/thumbnails/remote/320x320ex/image/retail/images/76687135102538-69d77abc-2ed0-4074-8772-461d82aff570.jpg)![Image 57](https://image.coupangcdn.com/image/badges/cou_pick/web/coupick@2x.png) 미국산 초이스 부채살 스테이크용 (냉장), 1kg, 1개 ~~47,000원~~ 40% 27,990원 (100g당 2,799원) ![Image 58](https://image.coupangcdn.com/image/badges/falcon/v1/web/rocket-fresh@2x.png) 오늘(토) 도착 보장 4.5 (6881) 2](https://www.coupang.com/vp/products/7216851625?itemId=18278217109&vendorItemId=85424229460&pickType=COU_PICK&q=%EC%8A%A4%ED%85%8C%EC%9D%B4%ED%81%AC%EC%9A%A9&searchId=e6d7e4a7487121&sourceType=search&itemsCount=36&searchRank=2&rank=2)\n*   [![Image 59: 미트엔조이 미국산 프라임 등심 스테이크 (냉장), 500g, 1개](https://thumbnail.coupangcdn.com/thumbnails/remote/320x320ex/image/retail/images/2019/05/14/15/2/d49d9f76-b9ba-494a-8d66-e1fd289a1a2f.jpg) 미트엔조이 미국산 프라임 등심 스테이크 (냉장), 500g, 1개 ~~29,900원~~ 20% 23,740원 (100g당 4,748원) ![Image 60](https://image.coupangcdn.com/image/badges/falcon/v1/web/rocket-fresh@2x.png) 오늘(토) 도착 보장 4.5 (14372) 3](https://www.coupang.com/vp/products/222509741?itemId=697604827&vendorItemId=4781784498&q=%EC%8A%A4%ED%85%8C%EC%9D%B4%ED%81%AC%EC%9A%A9&searchId=e6d7e4a7487121&sourceType=search&itemsCount=36&searchRank=3&rank=3)\n*   [![Image 61: 푸드랩플러스 호주산 곡물 살치살 스테이크 (냉장), 400g, 2개](https://thumbnail.coupangcdn.com/thumbnails/remote/320x320ex/image/retail/images/96fb4ba4-695a-4b0c-ad23-33de0bd680c7360628145242597189.png) 푸드랩플러스 호주산 곡물 살치살 스테이크 (냉장), 400g, 2개 ~~59,800원~~ 38% 36,520원 (100g당 4,565원) ![Image 62](https://image.coupangcdn.com/image/badges/falcon/v1/web/rocket-fresh@2x.png) 오늘(토) 도착 보장 4.5 (10711) 4](https://www.coupang.com/vp/products/8032860067?itemId=19225416791&vendorItemId=86342065220&q=%EC%8A%A4%ED%85%8C%EC%9D%B4%ED%81%AC%EC%9A%A9&searchId=e6d7e4a7487121&sourceType=search&itemsCount=36&searchRank=4&rank=4)\n*   [![Image 63: 미국산 초이스 부채살 스테이크 1kg, 1개](https://thumbnail.coupangcdn.com/thumbnails/remote/320x320ex/image/retail/images/52556636377475-d8361541-e949-489c-abc5-7e84e2325a7a.jpg) 미국산 초이스 부채살 스테이크 1kg, 1개 ~~39,900원~~ 29% 27,990원 (100g당 2,799원) ![Image 64](https://image.coupangcdn.com/image/badges/falcon/v1/web/rocket-fresh@2x.png) 오늘(토) 도착 보장 4.5 (340) 5](https://www.coupang.com/vp/products/8660635608?itemId=25137710581&vendorItemId=92136699609&q=%EC%8A%A4%ED%85%8C%EC%9D%B4%ED%81%AC%EC%9A%A9&searchId=e6d7e4a7487121&sourceType=search&itemsCount=36&searchRank=5&rank=5)\n*   [![Image 65: 호주산 부채살 스테이크용 (냉장), 600g, 1개](https://thumbnail.coupangcdn.com/thumbnails/remote/320x320ex/image/retail/images/244699880454436-e9d5b713-ee4d-44c3-a785-a238dcb09c54.jpg) 호주산 부채살 스테이크용 (냉장), 600g, 1개 ~~29,590원~~ 27% 21,400원 (100g당 3,567원) ![Image 66](https://image.coupangcdn.com/image/badges/falcon/v1/web/rocket-fresh@2x.png) 오늘(토) 도착 보장 4.5 (15205) 6](https://www.coupang.com/vp/products/7538803722?itemId=22350737420&vendorItemId=89395861077&q=%EC%8A%A4%ED%85%8C%EC%9D%B4%ED%81%AC%EC%9A%A9&searchId=e6d7e4a7487121&sourceType=search&itemsCount=36&searchRank=6&rank=6)\n*   [![Image 67: 미트지엥 건강한 소고기 채끝 시즈닝 스테이크 (냉장), 200g, 1개](https://thumbnail.coupangcdn.com/thumbnails/remote/320x320ex/image/retail/images/2022/11/07/11/0/d3a20ed9-fa37-4042-b3f9-06abc005ad4e.jpg) 미트지엥 건강한 소고기 채끝 시즈닝 스테이크 (냉장), 200g, 1개 할인~~10,800원~~ 9% 9,800원 (100g당 4,900원) ![Image 68](https://image.coupangcdn.com/image/badges/falcon/v1/web/rocket-fresh@2x.png) 오늘(토) 도착 보장 4.5 (1190) 7](https://www.coupang.com/vp/products/6904811367?itemId=16618748922&vendorItemId=83803355774&q=%EC%8A%A4%ED%85%8C%EC%9D%B4%ED%81%AC%EC%9A%A9&searchId=e6d7e4a7487121&sourceType=search&itemsCount=36&searchRank=7&rank=7)\n*   [![Image 69: 미국산 살치살 스테이크용 (냉장), 300g, 1개](https://thumbnail.coupangcdn.com/thumbnails/remote/320x320ex/image/retail/images/282969532966041-b32a2e7a-3d16-4173-adb9-a3e86cd4db85.jpg) 미국산 살치살 스테이크용 (냉장), 300g, 1개 ~~22,350원~~ 21% 17,450원 (100g당 5,817원) ![Image 70](https://image.coupangcdn.com/image/badges/falcon/v1/web/rocket-fresh@2x.png) 오늘(토) 도착 보장 4.5 (24602) 8](https://www.coupang.com/vp/products/8034505075?itemId=22475429179&vendorItemId=89518094724&q=%EC%8A%A4%ED%85%8C%EC%9D%B4%ED%81%AC%EC%9A%A9&searchId=e6d7e4a7487121&sourceType=search&itemsCount=36&searchRank=8&rank=8)\n*   [![Image 71: 미국산 메가 부채살 스테이크용 (냉장), 600g, 1개](https://thumbnail.coupangcdn.com/thumbnails/remote/320x320ex/image/retail/images/397641833360229-9af5fd64-1073-46ef-b01e-2974c17e85a2.jpg) 미국산 메가 부채살 스테이크용 (냉장), 600g, 1개 ~~28,200원~~ 29% 19,890원 (100g당 3,315원) ![Image 72](https://image.coupangcdn.com/image/badges/falcon/v1/web/rocket-fresh@2x.png) 오늘(토) 도착 보장 5 (250) 9](https://www.coupang.com/vp/products/7956716081?itemId=21984569803&vendorItemId=89032161795&q=%EC%8A%A4%ED%85%8C%EC%9D%B4%ED%81%AC%EC%9A%A9&searchId=e6d7e4a7487121&sourceType=search&itemsCount=36&searchRank=9&rank=9)\n*   [![Image 73: [초이스등급] 와이즈 결결이 부드러운 미국산 부채살 스테이크용, 2개, 500g](https://thumbnail.coupangcdn.com/thumbnails/remote/320x320ex/image/vendor_inventory/2a99/82bf6fee042e3c4c2c8d8ccc4d55fe85d53633e6d5a5172d0c8556fd3748.png) [초이스등급] 와이즈 결결이 부드러운 미국산 부채살 스테이크용, 2개, 500g 할인~~80,000원~~ 48% 41,430원 (100g당 4,143원) 12/4(목) 도착 예정 무료배송 5 (1) 10](https://www.coupang.com/vp/products/9118668374?itemId=26821495362&vendorItemId=93791670840&q=%EC%8A%A4%ED%85%8C%EC%9D%B4%ED%81%AC%EC%9A%A9&searchId=e6d7e4a7487121&sourceType=search&itemsCount=36&searchRank=10&rank=10)\n*   [![Image 74: 미국산 메가 척아이롤 (냉장), 1개, 1kg](https://thumbnail.coupangcdn.com/thumbnails/remote/320x320ex/image/rs_quotation_api/hjk5zg5o/434311e6d86d4d7188f8263e1f48b2a1.jpg) 미국산 메가 척아이롤 (냉장), 1개, 1kg ~~42,670원~~ 39% 25,990원 (100g당 2,599원) ![Image 75](https://image.coupangcdn.com/image/badges/falcon/v1/web/rocket-fresh@2x.png) 오늘(토) 도착 보장 4.5 (573)](https://www.coupang.com/vp/products/8223051908?itemId=23640812854&vendorItemId=90666227631&q=%EC%8A%A4%ED%85%8C%EC%9D%B4%ED%81%AC%EC%9A%A9&searchId=e6d7e4a7487121&sourceType=search&itemsCount=36&searchRank=11&rank=11)\n*   [![Image 76: 곰곰 호주산 소고기 안심 스테이크용 (냉장), 300g, 1개](https://thumbnail.coupangcdn.com/thumbnails/remote/320x320ex/image/retail/images/872941473544487-5f9b60d7-d0f0-4a76-96e8-889427a5f7a3.jpg) 곰곰 호주산 소고기 안심 스테이크용 (냉장), 300g, 1개 ~~19,000원~~ 8% 17,320원 (100g당 5,773원) ![Image 77](https://image.coupangcdn.com/image/badges/falcon/v1/web/rocket-fresh@2x.png) 오늘(토) 도착 보장 4.5 (481)](https://www.coupang.com/vp/products/8308632352?itemId=23972924493&vendorItemId=90994261415&q=%EC%8A%A4%ED%85%8C%EC%9D%B4%ED%81%AC%EC%9A%A9&searchId=e6d7e4a7487121&sourceType=search&itemsCount=36&searchRank=12&rank=12)\n*   [![Image 78: 미트엔조이 호주산 안심 스테이크 (냉장), 150g, 2개](https://thumbnail.coupangcdn.com/thumbnails/remote/320x320ex/image/retail/images/00dd3f8e-b0e9-480c-ac3f-56cb2f99d6232934876873180099677.png)202원 캐시 적립 미트엔조이 호주산 안심 스테이크 (냉장), 150g, 2개 21,200원 (100g당 7,067원) 1,000원 와우 가입 쿠폰 ![Image 79](https://image.coupangcdn.com/image/badges/falcon/v1/web/rocket-fresh@2x.png) 오늘(토) 도착 보장 4.5 (7046)](https://www.coupang.com/vp/products/1131265475?itemId=19224578756&vendorItemId=86341241778&q=%EC%8A%A4%ED%85%8C%EC%9D%B4%ED%81%AC%EC%9A%A9&searchId=e6d7e4a7487121&sourceType=search&itemsCount=36&searchRank=13&rank=13)\n*   [![Image 80: 호주산 등심 스테이크용 1kg 베스트비프, 1개](https://thumbnail.coupangcdn.com/thumbnails/remote/320x320ex/image/vendor_inventory/image_audit/advertiser/1752016903797/32b4445f-618a-4fc0-8eb8-00616416d43a.jpg) 호주산 등심 스테이크용 1kg 베스트비프, 1개 ~~24,000원~~ 2% 23,400원 (100g당 2,340원) 배송비 3,500원 조건부 무료배송 12/2(화) 도착 예정 오늘출발 4.5 (802)](https://www.coupang.com/vp/products/70707651?itemId=236296723&vendorItemId=4093614495&q=%EC%8A%A4%ED%85%8C%EC%9D%B4%ED%81%AC%EC%9A%A9&searchId=e6d7e4a7487121&sourceType=search&itemsCount=36&searchRank=14&rank=14)\n*   [![Image 81: 우마왕 한우 안심 스테이크용 1++ 구이용 소고기, 1개, 200g](https://thumbnail.coupangcdn.com/thumbnails/remote/320x320ex/image/vendor_inventory/c68b/ecdfcd6ae101092a03e0272b7bdc404ab9c96504e9b4ac64d23da0f5bca2.jpg) 우마왕 한우 안심 스테이크용 1++ 구이용 소고기, 1개, 200g 쿠폰할인· 20:02:49~~76,000원~~ 34% 49,500원 (100g당 24,750원) 12/2(화) 도착 예정 무료배송 ∙ 오늘출발 ∙ 무료반품 4.5 (2)](https://www.coupang.com/vp/products/9122025719?itemId=26832854866&vendorItemId=93802902802&q=%EC%8A%A4%ED%85%8C%EC%9D%B4%ED%81%AC%EC%9A%A9&searchId=e6d7e4a7487121&sourceType=search&itemsCount=36&searchRank=15&rank=15)\n*   [![Image 82: 미트엔조이 호주산 소고기 척아이롤 (냉장), 300g, 1개](https://thumbnail.coupangcdn.com/thumbnails/remote/320x320ex/image/rs_quotation_api/lethlsyu/04e82f5fb38e4bfcac810a17ea3a3d57.jpg) 미트엔조이 호주산 소고기 척아이롤 (냉장), 300g, 1개 ~~11,100원~~ 11% 9,830원 (100g당 3,277원) ![Image 83](https://image.coupangcdn.com/image/badges/falcon/v1/web/rocket-fresh@2x.png) 오늘(토) 도착 보장 4.5 (6374)](https://www.coupang.com/vp/products/8034505110?itemId=22475429351&vendorItemId=89518094842&q=%EC%8A%A4%ED%85%8C%EC%9D%B4%ED%81%AC%EC%9A%A9&searchId=e6d7e4a7487121&sourceType=search&itemsCount=36&searchRank=16&rank=16)\n*   [![Image 84: 호주산 척아이롤 구이용 (냉장), 1kg, 1개](https://thumbnail.coupangcdn.com/thumbnails/remote/320x320ex/image/retail/images/79499527413190-10e41803-f596-4b6f-910f-298c0fd1291f.jpg) 호주산 척아이롤 구이용 (냉장), 1kg, 1개 ~~39,900원~~ 25% 29,800원 (100g당 2,980원) ![Image 85](https://image.coupangcdn.com/image/badges/falcon/v1/web/rocket-fresh@2x.png) 오늘(토) 도착 보장 4.5 (15683)](https://www.coupang.com/vp/products/7538803732?itemId=19812721275&vendorItemId=86914831967&q=%EC%8A%A4%ED%85%8C%EC%9D%B4%ED%81%AC%EC%9A%A9&searchId=e6d7e4a7487121&sourceType=search&itemsCount=36&searchRank=17&rank=17)\n*   [![Image 86: 고급진 시즈닝 탑블레이드 스테이크 (냉장), 1kg, 1개](https://thumbnail.coupangcdn.com/thumbnails/remote/320x320ex/image/retail/images/21351467856668-4792f738-2b53-4b24-a0e8-be9d2ae5b4c2.jpg) 고급진 시즈닝 탑블레이드 스테이크 (냉장), 1kg, 1개 ~~42,420원~~ 24% 31,990원 (100g당 3,199원) ![Image 87](https://image.coupangcdn.com/image/badges/falcon/v1/web/rocket-fresh@2x.png) 오늘(토) 도착 보장 4.5 (3290)](https://www.coupang.com/vp/products/7008925044?itemId=17216270447&vendorItemId=84388126438&q=%EC%8A%A4%ED%85%8C%EC%9D%B4%ED%81%AC%EC%9A%A9&searchId=e6d7e4a7487121&sourceType=search&itemsCount=36&searchRank=18&rank=18)\n*   [![Image 88: 부채살 스테이크 소포장 식단&헬스 미국산 초이스등급, 1개, 500g](https://thumbnail.coupangcdn.com/thumbnails/remote/320x320ex/image/vendor_inventory/21ee/4fe4d9c9afb6014bb14dd2eac33ff3da0e0e02f2665c3f5ad7e60cc3146b.jpg) 부채살 스테이크 소포장 식단&헬스 미국산 초이스등급, 1개, 500g ~~31,000원~~ 35% 19,900원 (100g당 3,980원) 12/2(화) 도착 예정 무료배송 ∙ 오늘출발 4.5 (62) 쿠팡으로부터 광고 서비스를 구매한 제휴업체의 판매상품으로 일반 상품보다 우선 정렬됩니다. AD](https://www.coupang.com/vp/products/8799290820?itemId=25619920252&vendorItemId=92610230299&sourceType=srp_product_ads&clickEventId=450dee70-cc7b-11f0-824a-97e7286fe651&korePlacement=15&koreSubPlacement=20&clickEventId=450dee70-cc7b-11f0-824a-97e7286fe651&korePlacement=15&koreSubPlacement=20)\n*   [![Image 89: 1++ 최고급 투뿔 한우 모듬세트 500g 부채살 채끝 특수부위 구이용 소고기, 1개](https://thumbnail.coupangcdn.com/thumbnails/remote/320x320ex/image/vendor_inventory/fa8b/67f7e30dcc5c5199f02c5e180af2bfdc42e7df87c9d6addc2d9f3ded3415.png) 1++ 최고급 투뿔 한우 모듬세트 500g 부채살 채끝 특수부위 구이용 소고기, 1개 할인~~60,000원~~ 33% 39,800원 (100g당 7,960원) 12/2(화) 도착 예정 무료배송 ∙ 오늘출발 4.5 (438) 쿠팡으로부터 광고 서비스를 구매한 제휴업체의 판매상품으로 일반 상품보다 우선 정렬됩니다. AD](https://www.coupang.com/vp/products/8715512561?itemId=25313050736&vendorItemId=92090774465&sourceType=srp_product_ads&clickEventId=450dee70-cc7b-11f0-b6e8-bc1b5b74cb1f&korePlacement=15&koreSubPlacement=21&clickEventId=450dee70-cc7b-11f0-b6e8-bc1b5b74cb1f&korePlacement=15&koreSubPlacement=21)\n*   [![Image 90: [예담우] 소고기 국내산 냉장 안심 스테이크 로스 구이용 캠핑, 4개, 250g](https://thumbnail.coupangcdn.com/thumbnails/remote/320x320ex/image/vendor_inventory/fc90/27d26dbd2a1c932fc7ddd4aedeadb4deb6d551144cc38b4a0a69a176fb29.jpg) [예담우] 소고기 국내산 냉장 안심 스테이크 로스 구이용 캠핑, 4개, 250g 할인~~38,900원~~ 12% 34,110원 (100g당 3,411원) 12/4(목) 도착 예정 무료배송 4 (183)](https://www.coupang.com/vp/products/8703375562?itemId=25274863778&vendorItemId=92270510007&q=%EC%8A%A4%ED%85%8C%EC%9D%B4%ED%81%AC%EC%9A%A9&searchId=e6d7e4a7487121&sourceType=search&itemsCount=36&searchRank=21&rank=21)\n*   [![Image 91: [냉장]고기의 황제 솔트에이징 토마호크, 720g, 1개](https://thumbnail.coupangcdn.com/thumbnails/remote/320x320ex/image/vendor_inventory/1b09/6e2b535594ecc07c8422f06ea433dac63d609b2032c02c06b3e5ea2c563f.jpg) [냉장]고기의 황제 솔트에이징 토마호크, 720g, 1개 35,500원 (100g당 4,931원) 배송비 3,000원 조건부 무료배송 12/3(수) 도착 예정 4.5 (22) 쿠팡으로부터 광고 서비스를 구매한 제휴업체의 판매상품으로 일반 상품보다 우선 정렬됩니다. AD](https://www.coupang.com/vp/products/8869262831?itemId=25790628860&vendorItemId=92778388286&sourceType=srp_product_ads&clickEventId=450dee70-cc7b-11f0-af53-34524736f505&korePlacement=15&koreSubPlacement=23&clickEventId=450dee70-cc7b-11f0-af53-34524736f505&korePlacement=15&koreSubPlacement=23)\n*   [![Image 92: 미국산 초이스등급 세절 구이용 안심 200g x 2팩 (2-3인분), 2개](https://thumbnail.coupangcdn.com/thumbnails/remote/320x320ex/image/vendor_inventory/58e5/49fccf86e8d5bd347dc724571881de725eae2d22bdc6fc9f9c483ecfb49e.jpg) 미국산 초이스등급 세절 구이용 안심 200g x 2팩 (2-3인분), 2개 쿠폰할인~~27,750원~~ 33% 18,500원 (100g당 4,625원) 12/3(수) 도착 예정 무료배송](https://www.coupang.com/vp/products/9181870125?itemId=27078947977&vendorItemId=94047218075&q=%EC%8A%A4%ED%85%8C%EC%9D%B4%ED%81%AC%EC%9A%A9&searchId=e6d7e4a7487121&sourceType=search&itemsCount=36&searchRank=23&rank=23)\n*   [![Image 93: 명장의 맛 시즈닝 부채살 스테이크 (냉장), 200g, 1개](https://thumbnail.coupangcdn.com/thumbnails/remote/320x320ex/image/1025_amir_coupang_oct_80k/9ce8/a9d0b5a538101034fb2fe890bd1a967360958ee65cca480fa13e0d632424.jpg) 명장의 맛 시즈닝 부채살 스테이크 (냉장), 200g, 1개 ~~15,900원~~ 44% 8,870원 (100g당 4,435원) ![Image 94](https://image.coupangcdn.com/image/badges/falcon/v1/web/rocket-fresh@2x.png) 오늘(토) 도착 보장 4.5 (3253)](https://www.coupang.com/vp/products/7778215622?itemId=21016249767&vendorItemId=88079762228&q=%EC%8A%A4%ED%85%8C%EC%9D%B4%ED%81%AC%EC%9A%A9&searchId=e6d7e4a7487121&sourceType=search&itemsCount=36&searchRank=24&rank=24)\n*   [![Image 95: 목우촌 국내산 소고기 안심 스테이크용 (냉장), 300g, 1개](https://thumbnail.coupangcdn.com/thumbnails/remote/320x320ex/image/retail/images/2022/10/17/15/8/20f881c7-cde2-4875-9333-1336c5991a64.jpg) 목우촌 국내산 소고기 안심 스테이크용 (냉장), 300g, 1개 ~~49,990원~~ 40% 29,850원 (100g당 9,950원) ![Image 96](https://image.coupangcdn.com/image/badges/falcon/v1/web/rocket-fresh@2x.png) 오늘(토) 도착 보장 5 (2069)](https://www.coupang.com/vp/products/6853353255?itemId=16335580395&vendorItemId=83527502996&q=%EC%8A%A4%ED%85%8C%EC%9D%B4%ED%81%AC%EC%9A%A9&searchId=e6d7e4a7487121&sourceType=search&itemsCount=36&searchRank=25&rank=25)\n*   [![Image 97: 최현석셰프의 Choice 프라임 척아이롤 스테이크 시즈닝 소고기 (냉동) 150g, 6개, 6개](https://thumbnail.coupangcdn.com/thumbnails/remote/320x320ex/image/vendor_inventory/1ffc/e3cf26873a40e49c2457c6d6f1c66c0e0a3e060a89a6247fdcb3d8f9f9df.jpg) 최현석셰프의 Choice 프라임 척아이롤 스테이크 시즈닝 소고기 (냉동) 150g, 6개, 6개 할인~~66,000원~~ 40% 39,510원 (100g당 4,390원) 12/3(수) 도착 예정 무료배송 4.5 (8)](https://www.coupang.com/vp/products/9103931984?itemId=26765157507&vendorItemId=93735974397&q=%EC%8A%A4%ED%85%8C%EC%9D%B4%ED%81%AC%EC%9A%A9&searchId=e6d7e4a7487121&sourceType=search&itemsCount=36&searchRank=26&rank=26)\n*   [![Image 98: 프레시지 더큰 블랙라벨 스테이크 세트 2인분, 580g, 1개](https://thumbnail.coupangcdn.com/thumbnails/remote/320x320ex/image/retail/images/229581415140624-09a8d902-cd76-4e5a-a07c-899125554f45.jpg) 프레시지 더큰 블랙라벨 스테이크 세트 2인분, 580g, 1개 할인· 2일 남음~~19,900원~~ 10% 17,900원 (100g당 3,086원) ![Image 99](https://image.coupangcdn.com/image/badges/falcon/v1/web/rocket-fresh@2x.png) 오늘(토) 도착 보장 4.5 (39513)](https://www.coupang.com/vp/products/273882898?itemId=864058990&vendorItemId=5190040204&q=%EC%8A%A4%ED%85%8C%EC%9D%B4%ED%81%AC%EC%9A%A9&searchId=e6d7e4a7487121&sourceType=search&itemsCount=36&searchRank=27&rank=27)\n*   [![Image 100: 모이다 연어스테이크 국내산 연어 자연산 강원도조업 국산, 2개, 650g](https://thumbnail.coupangcdn.com/thumbnails/remote/320x320ex/image/vendor_inventory/d5e0/11008b87a500bcf728d65ccaabdc2ec4bf58bc3e0731602bcaf1f053a8d0.png) 모이다 연어스테이크 국내산 연어 자연산 강원도조업 국산, 2개, 650g 쿠폰할인· 1일 남음~~70,000원~~ 48% 35,960원 (100g당 2,766원) 12/4(목) 도착 예정 무료배송 4.5 (125)](https://www.coupang.com/vp/products/9069316555?itemId=26606903810&vendorItemId=93576008432&q=%EC%8A%A4%ED%85%8C%EC%9D%B4%ED%81%AC%EC%9A%A9&searchId=e6d7e4a7487121&sourceType=search&itemsCount=36&searchRank=28&rank=28)\n*   [![Image 101: 미트엔조이 호주산 안심 스테이크 (냉장), 150g, 1개](https://thumbnail.coupangcdn.com/thumbnails/remote/320x320ex/image/retail/images/2023/02/21/14/8/5d5e97e6-64d1-40f2-9170-866da51eb806.jpg)96원 캐시 적립 미트엔조이 호주산 안심 스테이크 (냉장), 150g, 1개 12,350원 (100g당 8,233원) 1,000원 와우 가입 쿠폰 ![Image 102](https://image.coupangcdn.com/image/badges/falcon/v1/web/rocket-fresh@2x.png) 오늘(토) 도착 보장 4.5 (7046)](https://www.coupang.com/vp/products/1131265475?itemId=18074171254&vendorItemId=85227325299&q=%EC%8A%A4%ED%85%8C%EC%9D%B4%ED%81%AC%EC%9A%A9&searchId=e6d7e4a7487121&sourceType=search&itemsCount=36&searchRank=29&rank=29)\n*   [![Image 103: 미트홀 부채살 스테이크 1kg (200g X 5팩) 개별소포장, 200g (부채살 스테이크용 2~3cm), 5개](https://thumbnail.coupangcdn.com/thumbnails/remote/320x320ex/image/vendor_inventory/2d5f/353b5631e5623eb152548e4f0888115f708cbe9f30c475a75bfc207d23e2.jpg) 미트홀 부채살 스테이크 1kg (200g X 5팩) 개별소포장, 200g (부채살 스테이크용 2~3cm), 5개 ~~31,900원~~ 6% 29,900원 (100g당 2,990원) 배송비 4,000원 조건부 무료배송 12/3(수) 도착 예정 4.5 (2782)](https://www.coupang.com/vp/products/6245495732?itemId=12631569363&vendorItemId=3322004858&q=%EC%8A%A4%ED%85%8C%EC%9D%B4%ED%81%AC%EC%9A%A9&searchId=e6d7e4a7487121&sourceType=search&itemsCount=36&searchRank=30&rank=30)\n*   [![Image 104: 미트엔조이 호주산 소고기 살치살 스테이크용 (냉장), 300g, 1개](https://thumbnail.coupangcdn.com/thumbnails/remote/320x320ex/image/rs_quotation_api/duciiluk/db48fd6d1c23495dadf4e014d935ba5e.jpg)169원 캐시 적립 미트엔조이 호주산 소고기 살치살 스테이크용 (냉장), 300g, 1개 17,900원 (100g당 5,967원) 1,000원 와우 가입 쿠폰 ![Image 105](https://image.coupangcdn.com/image/badges/falcon/v1/web/rocket-fresh@2x.png) 오늘(토) 도착 보장 4.5 (735) 쿠팡으로부터 광고 서비스를 구매한 제휴업체의 판매상품으로 일반 상품보다 우선 정렬됩니다. AD](https://www.coupang.com/vp/products/8034505101?itemId=22475429311&vendorItemId=89518094816&sourceType=srp_product_ads&clickEventId=450dee70-cc7b-11f0-9b74-f3558a3d92c9&korePlacement=15&koreSubPlacement=37&clickEventId=450dee70-cc7b-11f0-9b74-f3558a3d92c9&korePlacement=15&koreSubPlacement=37)\n*   [![Image 106: [헤비스테이크] 등심 스테이크(냉장 당일발송) 180g 1팩, 1개](https://thumbnail.coupangcdn.com/thumbnails/remote/320x320ex/image/vendor_inventory/4371/dd19607f0ac6c77e348fb8b17a318fc8bed16a496247701bdea9d1fdbe0a.jpg) [헤비스테이크] 등심 스테이크(냉장 당일발송) 180g 1팩, 1개 ~~14,900원~~ 13% 12,900원 (100g당 7,167원) 배송비 3,500원 조건부 무료배송 12/2(화) 도착 예정 오늘출발 4.5 (160) 쿠팡으로부터 광고 서비스를 구매한 제휴업체의 판매상품으로 일반 상품보다 우선 정렬됩니다. AD](https://www.coupang.com/vp/products/7573860664?itemId=19979327365&vendorItemId=76881319100&sourceType=srp_product_ads&clickEventId=450e1580-cc7b-11f0-ab47-354680a521d6&korePlacement=15&koreSubPlacement=38&clickEventId=450e1580-cc7b-11f0-ab47-354680a521d6&korePlacement=15&koreSubPlacement=38)\n*   [![Image 107: 부채살 스테이크 소포장 식단&헬스 미국산 초이스등급, 10개, 100g](https://thumbnail.coupangcdn.com/thumbnails/remote/320x320ex/image/vendor_inventory/ae2a/3f28ecfa4b5dfe76a69f58bad1e4fc22421cb88778dd261a45af81ad8b67.jpg) 부채살 스테이크 소포장 식단&헬스 미국산 초이스등급, 10개, 100g ~~51,100원~~ 29% 35,900원 (100g당 3,590원) 12/2(화) 도착 예정 무료배송 ∙ 오늘출발 4.5 (62) 쿠팡으로부터 광고 서비스를 구매한 제휴업체의 판매상품으로 일반 상품보다 우선 정렬됩니다. AD](https://www.coupang.com/vp/products/8799290820?itemId=25619920247&vendorItemId=92610230261&sourceType=srp_product_ads&clickEventId=450e1580-cc7b-11f0-aabd-c04fdf0a7f97&korePlacement=15&koreSubPlacement=40&clickEventId=450e1580-cc7b-11f0-aabd-c04fdf0a7f97&korePlacement=15&koreSubPlacement=40)\n*   [![Image 108: 곰곰 국내산 소고기 등심 구이용 (냉장), 1개, 300g](https://thumbnail.coupangcdn.com/thumbnails/remote/320x320ex/image/retail/images/75473998338886-3d272731-6aba-43cf-94c9-e31aa19b2c21.jpg) 곰곰 국내산 소고기 등심 구이용 (냉장), 1개, 300g ~~25,900원~~ 36% 16,470원 (100g당 5,490원) ![Image 109](https://image.coupangcdn.com/image/badges/falcon/v1/web/rocket-fresh@2x.png) 오늘(토) 도착 보장 5 (12) 쿠팡으로부터 광고 서비스를 구매한 제휴업체의 판매상품으로 일반 상품보다 우선 정렬됩니다. AD](https://www.coupang.com/vp/products/9130941149?itemId=26867164652&vendorItemId=93836802117&sourceType=srp_product_ads&clickEventId=450e1580-cc7b-11f0-a6c8-44f832ab1667&korePlacement=15&koreSubPlacement=41&clickEventId=450e1580-cc7b-11f0-a6c8-44f832ab1667&korePlacement=15&koreSubPlacement=41)\n*   [![Image 110: 1++ 한우 투뿔 모듬세트 600g 구이용 최고급, 1개](https://thumbnail.coupangcdn.com/thumbnails/remote/320x320ex/image/vendor_inventory/88f2/a913a1e3d80a010a1aef581b6c2553946d31726d01ecd391db112c92ef03.png) 1++ 한우 투뿔 모듬세트 600g 구이용 최고급, 1개 할인~~150,000원~~ 57% 64,000원 (1세트당 64,000원) 12/2(화) 도착 예정 무료배송 ∙ 오늘출발 4.5 (484) 쿠팡으로부터 광고 서비스를 구매한 제휴업체의 판매상품으로 일반 상품보다 우선 정렬됩니다. AD](https://www.coupang.com/vp/products/8597589368?itemId=24929521094&vendorItemId=91935697992&sourceType=srp_product_ads&clickEventId=450e1580-cc7b-11f0-a3d0-09cbfcb82211&korePlacement=15&koreSubPlacement=43&clickEventId=450e1580-cc7b-11f0-a3d0-09cbfcb82211&korePlacement=15&koreSubPlacement=43)\n\n[](https://www.coupang.com/np/search?q=%EC%8A%A4%ED%85%8C%EC%9D%B4%ED%81%AC%EC%9A%A9&channel=user#)[](https://www.coupang.com/np/search?q=%EC%8A%A4%ED%85%8C%EC%9D%B4%ED%81%AC%EC%9A%A9&channel=user#)\n\n같이 보면 좋은 상품\n\n광고\n\n![Image 111](http://static.coupangcdn.com/image/cmg/icon/dco/ad_icon.png)\n\n![Image 112](https://thumbnail8.coupangcdn.com/thumbnails/remote/292x292q65ex/image/retail/images/283141238303292-2c4fcee3-e052-435e-b90c-bc628b8c8913.jpg)\n\n미국산 살치살 스테이크용 (냉장), 300g, 2개\n\n44,700원\n\n34,900원\n\n(100g당 5,817원)\n\n![Image 113](http://image13.coupangcdn.com/image/coupang/rds/logo/xxxhdpi/logo_fresh_medium.png)\n\n오늘(토) 도착 보장\n\n(9,999+)\n\n![Image 114](http://image1.coupangcdn.com/image/badges/cashback/aos/xxxhdpi/list_cash_icon.png)\n\n최대 1,745원 적립\n\n![Image 115](https://thumbnail3.coupangcdn.com/thumbnails/remote/292x292q65ex/image/vendor_inventory/757c/861892af05ed21b10366bd589d678df1888ed616b58ae4ad4cf678bba985.png)\n\n무료배송\n\n도담우 국내산 안심 소고기 안심스테이크 구이용 (와사비솔트 증정), 1개, 200g\n\n24,000원\n\n20,000원\n\n(100g당 10,000원)\n\n12/2(화) 도착 예정\n\n(15)\n\n![Image 116](http://image10.coupangcdn.com/image/badges/cashback/aos/xxxhdpi/list_cash_icon.png)\n\n최대 1,000원 적립\n\n![Image 117](https://thumbnail12.coupangcdn.com/thumbnails/remote/292x292q65ex/image/vendor_inventory/1b09/6e2b535594ecc07c8422f06ea433dac63d609b2032c02c06b3e5ea2c563f.jpg)\n\n[냉장]고기의 황제 솔트에이징 토마호크, 720g, 1개\n\n35,500원\n\n(100g당 4,931원)\n\n12/3(수) 도착 예정\n\n(22)\n\n![Image 118](http://image5.coupangcdn.com/image/badges/cashback/aos/xxxhdpi/list_cash_icon.png)\n\n최대 1,775원 적립\n\n![Image 119](https://thumbnail14.coupangcdn.com/thumbnails/remote/292x292q65ex/image/vendor_inventory/1da6/d2281ffbc575279b731c7566ac6b5146b7bab0f3ee9edb7a277f43c61af0.png)\n\n무료배송\n\n프리미엄 안창살 시즈닝 스테이크 2인분, 1개, 600g\n\n66%\n\n59,000원\n\n19,900원\n\n(100g당 3,317원)\n\n12/2(화) 도착 예정\n\n(72)\n\n![Image 120](http://image7.coupangcdn.com/image/badges/cashback/aos/xxxhdpi/list_cash_icon.png)\n\n최대 995원 적립\n\n![Image 121](https://thumbnail15.coupangcdn.com/thumbnails/remote/292x292q65ex/image/vendor_inventory/1e33/b5ea1d57d6e208ea5fed5f322fd3981afe01c8e2fc8b166429a27a9ff473.jpg)\n\n무료배송\n\n도담우 국내산 티본 포터하우스 스테이크 소고기 프리미엄 캠핑 BBQ (시즈닝+와사비+솔트 증정), 500g, 1개\n\n45,000원\n\n41,000원\n\n(100g당 8,200원)\n\n12/2(화) 도착 예정\n\n(119)\n\n![Image 122](http://image11.coupangcdn.com/image/badges/cashback/aos/xxxhdpi/list_cash_icon.png)\n\n최대 2,050원 적립\n\n![Image 123](https://thumbnail14.coupangcdn.com/thumbnails/remote/292x292q65ex/image/vendor_inventory/4371/dd19607f0ac6c77e348fb8b17a318fc8bed16a496247701bdea9d1fdbe0a.jpg)\n\n[헤비스테이크] 등심 스테이크(냉장 당일발송) 180g 1팩, 1개\n\n14,900원\n\n12,900원\n\n(100g당 7,167원)\n\n12/2(화) 도착 예정\n\n(160)\n\n![Image 124](http://image6.coupangcdn.com/image/badges/cashback/aos/xxxhdpi/list_cash_icon.png)\n\n최대 645원 적립\n\n![Image 125](https://thumbnail15.coupangcdn.com/thumbnails/remote/292x292q65ex/image/vendor_inventory/f61d/4c8257c1ad8d5708c722a8ccee0f94cbeebb84ef2004cf5d72b29adfe7e4.jpg)\n\n무료배송\n\n[행복미트] 부채살 원육 덩어리 목초육 청정우 할랄인증 소고기 스테이크용 구이용 1kg [당일발송], 1개\n\n53%\n\n60,000원\n\n27,900원\n\n(100g당 2,790원)\n\n모레(월) 도착 예정\n\n(577)\n\n![Image 126](http://image7.coupangcdn.com/image/badges/cashback/aos/xxxhdpi/list_cash_icon.png)\n\n최대 1,395원 적립\n\n![Image 127](https://thumbnail15.coupangcdn.com/thumbnails/remote/292x292q65ex/image/vendor_inventory/fa8b/67f7e30dcc5c5199f02c5e180af2bfdc42e7df87c9d6addc2d9f3ded3415.png)\n\n무료배송\n\n1++ 최고급 투뿔 한우 모듬세트 500g 부채살 채끝 특수부위 구이용 소고기, 1개\n\n33%\n\n60,000원\n\n39,800원\n\n(100g당 7,960원)\n\n12/2(화) 도착 예정\n\n(438)\n\n![Image 128](http://image8.coupangcdn.com/image/badges/cashback/aos/xxxhdpi/list_cash_icon.png)\n\n최대 1,990원 적립\n\n이전[1](https://www.coupang.com/np/search?q=%EC%8A%A4%ED%85%8C%EC%9D%B4%ED%81%AC%EC%9A%A9&channel=user&page=1)[2](https://www.coupang.com/np/search?q=%EC%8A%A4%ED%85%8C%EC%9D%B4%ED%81%AC%EC%9A%A9&channel=user&page=2)[3](https://www.coupang.com/np/search?q=%EC%8A%A4%ED%85%8C%EC%9D%B4%ED%81%AC%EC%9A%A9&channel=user&page=3)[4](https://www.coupang.com/np/search?q=%EC%8A%A4%ED%85%8C%EC%9D%B4%ED%81%AC%EC%9A%A9&channel=user&page=4)[5](https://www.coupang.com/np/search?q=%EC%8A%A4%ED%85%8C%EC%9D%B4%ED%81%AC%EC%9A%A9&channel=user&page=5)[다음](https://www.coupang.com/np/search?q=%EC%8A%A4%ED%85%8C%EC%9D%B4%ED%81%AC%EC%9A%A9&channel=user&page=2 \"다음\")\n\n이 상품을 검색한 다른 분들이 함께 본 상품\n------------------------\n\n이전 상품 보기\n\n*   [![Image 129: 목우촌 국내산 소고기 안심 스테이크용 (냉장), 300g, 1개](https://thumbnail.coupangcdn.com/thumbnails/remote/292x292ex/image/retail/images/2022/10/17/15/8/20f881c7-cde2-4875-9333-1336c5991a64.jpg) 목우촌 국내산 소고기 안심 스테이크용 (냉장), 300g, 1개 **29,850원**(100g당 9,950원) ![Image 130](https://image.coupangcdn.com/image/coupang/rds/logo/xhdpi/logo_fresh_medium.png) 5 (2069)](https://www.coupang.com/vp/products/6853353255?vendorItemId=83527502996&sourceType=srp_also_viewed_item&rmdId=7f5573f4399d49438688cb1fbc3ea4c1&eventLabel=recommendation_widget_pc_srp_001&platform=web&rmdABTestInfo=88611_A,14554_A,88610_B,91997_B,91996_B&rmdValue=p9021041693:vt-1.0.0:p6853353255 \"목우촌 국내산 소고기 안심 스테이크용 (냉장), 300g, 1개\")\n*   [![Image 131: 호주산 소고기 안심 스테이크용 (냉장), 150g, 2개](https://thumbnail.coupangcdn.com/thumbnails/remote/292x292ex/image/retail/images/5a280940-0e92-46e6-9068-13a9f9f28c446840219603133673052.png) 호주산 소고기 안심 스테이크용 (냉장), 150g, 2개 **20,200원**(100g당 6,733원) ![Image 132](https://image.coupangcdn.com/image/coupang/rds/logo/xhdpi/logo_fresh_medium.png) 4.5 (850)](https://www.coupang.com/vp/products/8308632346?vendorItemId=91208283868&sourceType=srp_also_viewed_item&rmdId=7f5573f4399d49438688cb1fbc3ea4c1&eventLabel=recommendation_widget_pc_srp_001&platform=web&rmdABTestInfo=88611_A,14554_A,88610_B,91997_B,91996_B&rmdValue=p9021041693:vt-1.0.0:p8308632346 \"호주산 소고기 안심 스테이크용 (냉장), 150g, 2개\")\n*   [![Image 133: 목우촌 국내산 소고기 안심 (냉장), 300g, 1개](https://thumbnail.coupangcdn.com/thumbnails/remote/292x292ex/image/retail/images/2451551721622664-fe9a124c-4a84-4eae-bf94-43abee8ca653.jpg) 목우촌 국내산 소고기 안심 (냉장), 300g, 1개 **29,850원**(100g당 9,950원) ![Image 134](https://image.coupangcdn.com/image/coupang/rds/logo/xhdpi/logo_fresh_medium.png) 4.5 (7855)](https://www.coupang.com/vp/products/1267767183?vendorItemId=70268609297&sourceType=srp_also_viewed_item&rmdId=7f5573f4399d49438688cb1fbc3ea4c1&eventLabel=recommendation_widget_pc_srp_001&platform=web&rmdABTestInfo=88611_A,14554_A,88610_B,91997_B,91996_B&rmdValue=p9021041693:vt-1.0.0:p1267767183 \"목우촌 국내산 소고기 안심 (냉장), 300g, 1개\")\n*   [![Image 135: 미트지엥 호주산 우안심 구이용 (냉장), 300g, 1개](https://thumbnail.coupangcdn.com/thumbnails/remote/292x292ex/image/retail/images/6498722913720808-005ad0f2-b90e-4c5d-bdc8-ca9abc0ef9e5.jpg) 미트지엥 호주산 우안심 구이용 (냉장), 300g, 1개 **20,280원**(100g당 6,760원) ![Image 136](https://image.coupangcdn.com/image/coupang/rds/logo/xhdpi/logo_fresh_medium.png) 4.5 (912)](https://www.coupang.com/vp/products/6029893102?vendorItemId=78272159364&sourceType=srp_also_viewed_item&rmdId=7f5573f4399d49438688cb1fbc3ea4c1&eventLabel=recommendation_widget_pc_srp_001&platform=web&rmdABTestInfo=88611_A,14554_A,88610_B,91997_B,91996_B&rmdValue=p9021041693:vt-1.0.0:p6029893102 \"미트지엥 호주산 우안심 구이용 (냉장), 300g, 1개\")\n*   [![Image 137: 곰곰 호주산 소고기 안심 스테이크용 (냉장), 300g, 3개](https://thumbnail.coupangcdn.com/thumbnails/remote/292x292ex/image/retail/images/873079954912554-4e9fad88-e31d-48d8-90f6-e7eafca9707b.jpg) 곰곰 호주산 소고기 안심 스테이크용 (냉장), 300g, 3개 **49,890원**(100g당 5,543원) ![Image 138](https://image.coupangcdn.com/image/coupang/rds/logo/xhdpi/logo_fresh_medium.png) 4.5 (481)](https://www.coupang.com/vp/products/8308632352?vendorItemId=91208284578&sourceType=srp_also_viewed_item&rmdId=7f5573f4399d49438688cb1fbc3ea4c1&eventLabel=recommendation_widget_pc_srp_001&platform=web&rmdABTestInfo=88611_A,14554_A,88610_B,91997_B,91996_B&rmdValue=p9021041693:vt-1.0.0:p8308632352 \"곰곰 호주산 소고기 안심 스테이크용 (냉장), 300g, 3개\")\n*   [![Image 139: 미트엔조이 호주산 안심 스테이크 (냉장), 150g, 2개](https://thumbnail.coupangcdn.com/thumbnails/remote/292x292ex/image/retail/images/00dd3f8e-b0e9-480c-ac3f-56cb2f99d6232934876873180099677.png) 미트엔조이 호주산 안심 스테이크 (냉장), 150g, 2개 **21,200원**(100g당 7,067원) **1,000원** 와우 가입 쿠폰 ![Image 140](https://image.coupangcdn.com/image/coupang/rds/logo/xhdpi/logo_fresh_medium.png) 4.5 (7046)](https://www.coupang.com/vp/products/1131265475?vendorItemId=86341241778&sourceType=srp_also_viewed_item&rmdId=7f5573f4399d49438688cb1fbc3ea4c1&eventLabel=recommendation_widget_pc_srp_001&platform=web&rmdABTestInfo=88611_A,14554_A,88610_B,91997_B,91996_B&rmdValue=p9021041693:vt-1.0.0:p1131265475 \"미트엔조이 호주산 안심 스테이크 (냉장), 150g, 2개\")\n*   [![Image 141: 호주산 우안심 스테이크용 (냉장), 300g, 1팩](https://thumbnail.coupangcdn.com/thumbnails/remote/292x292ex/image/retail/images/69455979478553-5ba863de-0ee7-4cd5-9d09-df9c4bbcfe4d.jpg) 호주산 우안심 스테이크용 (냉장), 300g, 1팩 **17,320원**(100g당 5,773원) ![Image 142](https://image.coupangcdn.com/image/coupang/rds/logo/xhdpi/logo_fresh_medium.png) 4.5 (3920)](https://www.coupang.com/vp/products/1524431303?vendorItemId=70606681290&sourceType=srp_also_viewed_item&rmdId=7f5573f4399d49438688cb1fbc3ea4c1&eventLabel=recommendation_widget_pc_srp_001&platform=web&rmdABTestInfo=88611_A,14554_A,88610_B,91997_B,91996_B&rmdValue=p9021041693:vt-1.0.0:p1524431303 \"호주산 우안심 스테이크용 (냉장), 300g, 1팩\")\n*   [![Image 143: 목우촌 국내산 소고기 등심 구이용 (냉장), 300g, 1개](https://thumbnail.coupangcdn.com/thumbnails/remote/292x292ex/image/retail/images/179106185329620-989bbf80-493a-44c0-aaa7-fa4a2a94b074.jpg) 목우촌 국내산 소고기 등심 구이용 (냉장), 300g, 1개 **18,300원**(100g당 6,100원) ![Image 144](https://image.coupangcdn.com/image/coupang/rds/logo/xhdpi/logo_fresh_medium.png) 4.5 (15813)](https://www.coupang.com/vp/products/202587395?vendorItemId=70298644420&sourceType=srp_also_viewed_item&rmdId=7f5573f4399d49438688cb1fbc3ea4c1&eventLabel=recommendation_widget_pc_srp_001&platform=web&rmdABTestInfo=88611_A,14554_A,88610_B,91997_B,91996_B&rmdValue=p9021041693:vt-1.0.0:p202587395 \"목우촌 국내산 소고기 등심 구이용 (냉장), 300g, 1개\")\n*   [![Image 145: 한우맘 한우 안심 1등급 구이용 (냉장), 200g, 1개](https://thumbnail.coupangcdn.com/thumbnails/remote/292x292ex/image/retail/images/423529516559393-06320a28-77d4-4942-81cd-2a492c64ca8a.jpg) 한우맘 한우 안심 1등급 구이용 (냉장), 200g, 1개 **22,780원**(100g당 11,390원) ![Image 146](https://image.coupangcdn.com/image/coupang/rds/logo/xhdpi/logo_fresh_medium.png) 4.5 (248)](https://www.coupang.com/vp/products/8263262064?vendorItemId=90830891267&sourceType=srp_also_viewed_item&rmdId=7f5573f4399d49438688cb1fbc3ea4c1&eventLabel=recommendation_widget_pc_srp_001&platform=web&rmdABTestInfo=88611_A,14554_A,88610_B,91997_B,91996_B&rmdValue=p9021041693:vt-1.0.0:p8263262064 \"한우맘 한우 안심 1등급 구이용 (냉장), 200g, 1개\")\n*   [![Image 147: 참연담소 국내산 소고기 안심 구이용 (냉장), 1개, 200g](https://thumbnail.coupangcdn.com/thumbnails/remote/292x292ex/image/retail/images/59039841727083-a21daeea-c910-43c5-ac92-95b35c29d542.JPG) 참연담소 국내산 소고기 안심 구이용 (냉장), 1개, 200g **18,950원**(100g당 9,475원) ![Image 148](https://image.coupangcdn.com/image/coupang/rds/logo/xhdpi/logo_fresh_medium.png) 4.5 (45)](https://www.coupang.com/vp/products/8560722153?vendorItemId=91799279075&sourceType=srp_also_viewed_item&rmdId=7f5573f4399d49438688cb1fbc3ea4c1&eventLabel=recommendation_widget_pc_srp_001&platform=web&rmdABTestInfo=88611_A,14554_A,88610_B,91997_B,91996_B&rmdValue=p9021041693:vt-1.0.0:p8560722153 \"참연담소 국내산 소고기 안심 구이용 (냉장), 1개, 200g\")\n*   [![Image 149: 부채살 스테이크 소포장 식단&헬스 미국산 초이스등급, 10개, 200g](https://thumbnail.coupangcdn.com/thumbnails/remote/292x292ex/image/vendor_inventory/ae2a/3f28ecfa4b5dfe76a69f58bad1e4fc22421cb88778dd261a45af81ad8b67.jpg) 부채살 스테이크 소포장 식단&헬스 미국산 초이스등급, 10개, 200g **59,900원**(100g당 2,995원) 4.5 (62)](https://www.coupang.com/vp/products/8799290820?vendorItemId=92610230283&sourceType=srp_also_viewed_item&rmdId=7f5573f4399d49438688cb1fbc3ea4c1&eventLabel=recommendation_widget_pc_srp_001&platform=web&rmdABTestInfo=88611_A,14554_A,88610_B,91997_B,91996_B&rmdValue=p9021041693:vt-1.0.0:p8799290820 \"부채살 스테이크 소포장 식단&헬스 미국산 초이스등급, 10개, 200g\")\n*   [![Image 150: 도담우 국내산 채끝 소고기 채끝등심 숙성채끝 채끝스테이크 구이용 (와사비솔트 증정), 5개, 200g](https://thumbnail.coupangcdn.com/thumbnails/remote/292x292ex/image/vendor_inventory/8e55/d60431832548737d68f88587744422c56302e75b651dfc59c2bb47bf3799.jpg) 도담우 국내산 채끝 소고기 채끝등심 숙성채끝 채끝스테이크 구이용 (와사비솔트 증정), 5개, 200g **64,700원**(100g당 6,470원) 5 (12)](https://www.coupang.com/vp/products/8949870036?vendorItemId=94121723436&sourceType=srp_also_viewed_item&rmdId=7f5573f4399d49438688cb1fbc3ea4c1&eventLabel=recommendation_widget_pc_srp_001&platform=web&rmdABTestInfo=88611_A,14554_A,88610_B,91997_B,91996_B&rmdValue=p9021041693:vt-1.0.0:p8949870036 \"도담우 국내산 채끝 소고기 채끝등심 숙성채끝 채끝스테이크 구이용 (와사비솔트 증정), 5개, 200g\")\n*   [![Image 151: 한국농수축산 안심 스테이크 청정우 4cm 두께, 1개, 180g](https://thumbnail.coupangcdn.com/thumbnails/remote/292x292ex/image/vendor_inventory/3f6e/064d5e03837d138826c536a044265dd7c25c863f15da3fcbcd94d0d94fe1.png) 한국농수축산 안심 스테이크 청정우 4cm 두께, 1개, 180g **19,800원**(100g당 11,000원) 4.5 (22)](https://www.coupang.com/vp/products/8934205745?vendorItemId=93100425328&sourceType=srp_also_viewed_item&rmdId=7f5573f4399d49438688cb1fbc3ea4c1&eventLabel=recommendation_widget_pc_srp_001&platform=web&rmdABTestInfo=88611_A,14554_A,88610_B,91997_B,91996_B&rmdValue=p9021041693:vt-1.0.0:p8934205745 \"한국농수축산 안심 스테이크 청정우 4cm 두께, 1개, 180g\")\n*   [![Image 152: [이겼소] 국내산 냉장 안심 소고기 400g 스테이크용 로스 구이용, 스테이크용 (3센티 전후), 1개](https://thumbnail.coupangcdn.com/thumbnails/remote/292x292ex/image/vendor_inventory/c08c/e265436edb794beaa79f38ed7eb1ec7dde38fb8ee86723d9042c6af26111.png) [이겼소] 국내산 냉장 안심 소고기 400g 스테이크용 로스 구이용, 스테이크용 (3센티 전후), 1개 **23,900원**(100g당 5,975원) 5 (16)](https://www.coupang.com/vp/products/8180828120?vendorItemId=82461924142&sourceType=srp_also_viewed_item&rmdId=7f5573f4399d49438688cb1fbc3ea4c1&eventLabel=recommendation_widget_pc_srp_001&platform=web&rmdABTestInfo=88611_A,14554_A,88610_B,91997_B,91996_B&rmdValue=p9021041693:vt-1.0.0:p8180828120 \"[이겼소] 국내산 냉장 안심 소고기 400g 스테이크용 로스 구이용, 스테이크용 (3센티 전후), 1개\")\n\n다음 상품 보기\n\n[회사소개](https://news.coupang.com/)[Investor Relations](https://ir.aboutcoupang.com/overview/default.aspx)[인재채용](https://rocketyourcareer.kr.coupang.com/)[입점/제휴문의](https://marketplace.coupangcorp.com/s/?utm_source=button_pc&utm_medium=non_paid&utm_campaign=onsite_ca&utm_id=coupang_app?inflow=WEB_FOOTER_B)[공지사항](https://mc.coupang.com/ssr/desktop/contact/notice)[고객의 소리](https://mc.coupang.com/ssr/desktop/contact/voc)[이용약관](https://www.coupang.com/np/policies/terms)[**개인정보 처리방침**](https://privacy.coupang.com/ko/center/coupang)[정보보호/개인정보보호 인증](https://privacy.coupang.com/ko/security/status)[쿠팡페이 이용약관](https://rocketpay.coupang.com/rocketpay/operationTerms/coupangPcFooter)[신뢰관리센터](https://www.coupang.com/np/safety)[제휴마케팅](https://partners.coupang.com/)[광고안내](https://ads.coupang.com/)\n\nGlobal Site\n\n*   [Coupang Taiwan 酷澎台灣](https://www.tw.coupang.com/)\n\n[![Image 153](https://front.coupangcdn.com/front-web-next/_next/static/media/logo.f2c4ccb2.png)](https://www.coupang.com/ \"COUPANG\")\n\n상호명 및 호스팅 서비스 제공 : 쿠팡(주) \n\n 대표이사 : 박대준 \n\n 서울시 송파구 송파대로 570 \n\n 사업자 등록번호 : 120-88-00767 \n\n 통신판매업신고 : 2017-서울송파-0680 \n\n[사업자정보 확인 >](http://www.ftc.go.kr/info/bizinfo/communicationViewPopup.jsp?wrkr_no=1208800767)\n\n[**365고객센터** | 전자금융거래분쟁처리담당 _1577-7011 (유료)_ 서울시 송파구 송파대로 570 email : help@coupang.com](https://mc.coupang.com/ssr/desktop/contact/inquiry)\n\n**채무지급보증 안내**\n\n 당사는 고객님이 현금 결제한 금액에 대해 \n\n 채무지급보증 계약을 체결하여 \n\n 안전거래를 보장하고 있습니다. \n\n[서비스 가입사실 확인 >](https://www.coupang.com/np/etc/popWooriService)\n\n![Image 154](https://front.coupangcdn.com/front-web-next/_next/static/media/5.73affd35.png)\n\n![Image 155](https://front.coupangcdn.com/front-web-next/_next/static/media/6.901d77a5.png)\n\n사이버몰 내 판매되는 상품 중에는 쿠팡에 등록한 개별 판매자가 판매하는 마켓플레이스(오픈마켓) 상품이 포함되어 있습니다. \n\n 마켓플레이스(오픈마켓) 상품의 경우 쿠팡은 통신판매중개자이며 통신판매의 당사자가 아닙니다. \n\n 쿠팡은 마켓플레이스(오픈마켓) 상품, 거래정보 및 거래 등에 대하여 책임을 지지 않습니다. \n\n 쿠팡은 소비자 보호와 안전거래를 위해 신뢰관리센터(CM112@coupang.com)를 운영하고 있으며, 관련 분쟁이 발생할 경우 별도의 분쟁 처리절차에 의거 분쟁이 처리됩니다. \n\n Copyright © Coupang Corp. 2010-2025 All Rights Reserved.\n\n*   [![Image 156](https://front.coupangcdn.com/front-web-next/_next/static/media/f.34bde318.png)](https://www.facebook.com/Coupang.korea)\n*   [![Image 157](https://front.coupangcdn.com/front-web-next/_next/static/media/b.637cda1c.png)](https://news.coupang.com/)\n*   [![Image 158](https://front.coupangcdn.com/front-web-next/_next/static/media/s.a7aca4ea.png)](https://www.instagram.com/coupang)"
      },
      {
        "platform": "coupang",
        "title": "[무료배송/당일출고] 정육생활 최현석의 부채살 스테이크용 200g 10팩...",
        "url": "https://www.coupang.com/vp/products/6891005230?itemId=25274149786&vendorItemId=83729732322",
        "snippet": "쿠팡 홈 쿠팡수입 식품 축산/계란 소고기 등심/ 안심 /구이용 [무료배송/당일출고] 정육 생활 최현석의 부채살 스테이크용 200g 10팩, 200g, 10팩",
        "score": 0.50915486,
        "timestamp": "2025-11-29T05:41:09.765663",
        "raw_content": null
      },
      {
        "platform": "coupang",
        "title": "안심 - 구이/스테이크",
        "url": "https://www.coupang.com/np/categories/464566",
        "snippet": "이로우 국내산 무항생제 소고기 안심 스테이크용 (냉장), 200g, 1개. 23,300원 ... 목우촌 국내산 소고기 안심 (냉장), 300g, 1개. 쿠팡추천. 목우촌 국내산 소고기",
        "score": 0.49406826,
        "timestamp": "2025-11-29T05:41:09.765666",
        "raw_content": null
      },
      {
        "platform": "coupang",
        "title": "정육생활 최현석의 부채살 스테이크용 200g 10팩 - 등심/안심/구이용 | 쿠팡",
        "url": "https://www.coupang.com/vp/products/6891005230?itemId=24575903058&vendorItemId=91587767627",
        "snippet": "자주묻는 질문1:1 채팅문의고객의 소리취소 / 반품 안내\n\n오픈마켓여행·티켓로켓배송제휴마케팅로켓그로스\n\nCoupang\n\n주문목록취소/반품찜 리스트\n\n쿠팡플레이\n로켓배송\n로켓프레시\n크리스마스\n다시 구매\n쿠팡비즈\n로켓직구\n골드박스\n이달의신상\n판매자특가\n와우회원할인\n이벤트/쿠폰\n반품마켓\n착한상점\n기획전\n쿠팡트래블\n입점신청\n\n쿠팡플레이\n로켓배송\n로켓프레시\n크리스마스\n다시 구매\n쿠팡비즈\n로켓직구\n골드박스\n이달의신상\n판매자특가\n와우회원할인\n이벤트/쿠폰\n반품마켓\n착한상점\n기획전\n쿠팡트래블\n입점신청\n\n/prevnext\n\n## 이 상품과 관련된 카테고리\n\nGlobal Site\n\n채무지급보증 안내   \n  당사는 고객님이 현금 결제한 금액에 대해   \n 채무지급보증 계약을 체결하여   \n 안전거래를 보장하고 있습니다.   \n 서비스 가입사실 확인 > [...] 사이버몰 내 판매되는 상품 중에는 쿠팡에 등록한 개별 판매자가 판매하는 마켓플레이스(오픈마켓) 상품이 포함되어 있습니다.   \n 마켓플레이스(오픈마켓) 상품의 경우 쿠팡은 통신판매중개자이며 통신판매의 당사자가 아닙니다.   \n 쿠팡은 마켓플레이스(오픈마켓) 상품, 거래정보 및 거래 등에 대하여 책임을 지지 않습니다.   \n 쿠팡은 소비자 보호와 안전거래를 위해 신뢰관리센터(CM112@coupang.com)를 운영하고 있으며, 관련 분쟁이 발생할 경우 별도의 분쟁 처리절차에 의거 분쟁이 처리됩니다.   \n Copyright © Coupang Corp. 2010-2025 All Rights Reserved.",
        "score": 0.46935064,
        "timestamp": "2025-11-29T05:41:09.765669",
        "raw_content": "[자주묻는 질문](https://mc.coupang.com/ssr/desktop/contact/faq)[1:1 채팅문의](https://mc.coupang.com/ssr/desktop/contact/inquiry)[고객의 소리](https://mc.coupang.com/ssr/desktop/contact/voc)[취소 / 반품 안내](https://www.coupang.com/returnPolicy.pang)\n\n[오픈마켓](https://marketplace.coupangcorp.com/s/?utm_source=button_pc&utm_medium=non_paid&utm_campaign=onsite_ca&utm_id=coupang_app)[여행·티켓](https://with.coupang.com/contract/initialize)[로켓배송](https://supplier.coupang.com/welcome/join)[제휴마케팅](https://partners.coupang.com)[로켓그로스](https://sell.coupang.com?utm_source=web_button_pc_rg&utm_medium=referral&utm_campaign=onsite_lead&utm_id=coupang_web?inflow=WEB_HEADER_B)\n\n![Coupang](//image7.coupangcdn.com/image/coupang/common/logo_coupang_w350.png)\n![](https://front.coupangcdn.com/front-web-next/_next/static/media/search.85cd3dbf.png)\n![](https://front.coupangcdn.com/front-web-next/_next/static/media/person.07e45e52.png)\n\n[주문목록](https://mc.coupang.com/ssr/desktop/order/list)[취소/반품](https://mc.coupang.com/ssr/desktop/cancel-return-exchange/list)[찜 리스트](//wish-web.coupang.com/wishInitView.pang)\n\n![](https://front.coupangcdn.com/front-web-next/_next/static/media/cart.ccef8f9e.png)\n![쿠팡플레이](https://image.coupangcdn.com/image/coupang/home/icons/web/kr/coupang-play.png)\n![로켓배송](https://image.coupangcdn.com/image/coupang/home/icons/web/kr/rocket-delivery.png)\n![로켓프레시](https://image.coupangcdn.com/image/coupang/home/icons/web/kr/rocket-fresh.png)\n![크리스마스](https://image.coupangcdn.com/image/coupang/home/icons/Christmas/Christmas_PC_2025.png)\n![다시 구매](https://image.coupangcdn.com/image/coupang/common/fbi_icon_3x.png)\n![쿠팡비즈](https://image.coupangcdn.com/image/coupang/home/icons/web/kr/biz.png)\n![로켓직구](https://image.coupangcdn.com/image/coupang/home/icons/web/kr/oversea-delivery.png)\n![골드박스](https://image.coupangcdn.com/image/coupang/home/icons/web/kr/gold-box.png)\n![이달의신상](https://image.coupangcdn.com/image/coupang/home/icons/web/kr/new-item-of-month.png)\n![판매자특가](https://image.coupangcdn.com/image/coupang/home/icons/web/kr/omp.png)\n![와우회원할인](https://image.coupangcdn.com/image/coupang/home/icons/web/kr/wow.png)\n![이벤트/쿠폰](https://image.coupangcdn.com/image/coupang/home/icons/web/kr/benefit.png)\n![반품마켓](https://image.coupangcdn.com/image/coupang/home/icons/web/kr/returned-market.png)\n![착한상점](https://image.coupangcdn.com/image/coupang/home/icons/web/kr/sustainable-market.png)\n![기획전](https://image.coupangcdn.com/image/coupang/home/icons/web/kr/event.png)\n![쿠팡트래블](https://image.coupangcdn.com/image/coupang/home/icons/web/kr/travel.png)\n![입점신청](https://image.coupangcdn.com/image/coupang/home/icons/web/kr/sell-on-coupang.png)\n![](https://front.coupangcdn.com/front-web-next/_next/static/media/search.85cd3dbf.png)\n![쿠팡플레이](https://image.coupangcdn.com/image/coupang/home/icons/web/kr/coupang-play.png)\n![로켓배송](https://image.coupangcdn.com/image/coupang/home/icons/web/kr/rocket-delivery.png)\n![로켓프레시](https://image.coupangcdn.com/image/coupang/home/icons/web/kr/rocket-fresh.png)\n![크리스마스](https://image.coupangcdn.com/image/coupang/home/icons/Christmas/Christmas_PC_2025.png)\n![다시 구매](https://image.coupangcdn.com/image/coupang/common/fbi_icon_3x.png)\n![쿠팡비즈](https://image.coupangcdn.com/image/coupang/home/icons/web/kr/biz.png)\n![로켓직구](https://image.coupangcdn.com/image/coupang/home/icons/web/kr/oversea-delivery.png)\n![골드박스](https://image.coupangcdn.com/image/coupang/home/icons/web/kr/gold-box.png)\n![이달의신상](https://image.coupangcdn.com/image/coupang/home/icons/web/kr/new-item-of-month.png)\n![판매자특가](https://image.coupangcdn.com/image/coupang/home/icons/web/kr/omp.png)\n![와우회원할인](https://image.coupangcdn.com/image/coupang/home/icons/web/kr/wow.png)\n![이벤트/쿠폰](https://image.coupangcdn.com/image/coupang/home/icons/web/kr/benefit.png)\n![반품마켓](https://image.coupangcdn.com/image/coupang/home/icons/web/kr/returned-market.png)\n![착한상점](https://image.coupangcdn.com/image/coupang/home/icons/web/kr/sustainable-market.png)\n![기획전](https://image.coupangcdn.com/image/coupang/home/icons/web/kr/event.png)\n![쿠팡트래블](https://image.coupangcdn.com/image/coupang/home/icons/web/kr/travel.png)\n![입점신청](https://image.coupangcdn.com/image/coupang/home/icons/web/kr/sell-on-coupang.png)\n![](https://image.coupangcdn.com/image/displayitem/displayitem_8ad9b5e0-fd76-407b-b820-6494f03ffc31.jpg)\n![](https://image.coupangcdn.com/image/displayitem/displayitem_f0e08928-083a-4345-a96e-bdc927807695.jpg)\n![](https://image.coupangcdn.com/image/displayitem/displayitem_eea963ab-9659-4fb7-87c4-36be5b82917a.png)\n![](https://image.coupangcdn.com/image/displayitem/displayitem_ad84783d-4811-49c6-99e8-79a1085b0d8b.png)\n![](https://image.coupangcdn.com/image/displayitem/displayitem_92caf13f-61ae-4634-83c5-124d84633848.png)\n\n/[prev](이전 페이지 보기)[next](다음 페이지 보기)\n\n## 이 상품과 관련된 카테고리\n\nGlobal Site\n\n![](https://front.coupangcdn.com/front-web-next/_next/static/media/logo.f2c4ccb2.png)\n\n**채무지급보증 안내**   \n  당사는 고객님이 현금 결제한 금액에 대해   \n 채무지급보증 계약을 체결하여   \n 안전거래를 보장하고 있습니다.   \n [서비스 가입사실 확인 >](https://www.coupang.com/np/etc/popWooriService)\n\n![](https://front.coupangcdn.com/front-web-next/_next/static/media/5.73affd35.png)\n![](https://front.coupangcdn.com/front-web-next/_next/static/media/6.901d77a5.png)\n\n사이버몰 내 판매되는 상품 중에는 쿠팡에 등록한 개별 판매자가 판매하는 마켓플레이스(오픈마켓) 상품이 포함되어 있습니다.   \n 마켓플레이스(오픈마켓) 상품의 경우 쿠팡은 통신판매중개자이며 통신판매의 당사자가 아닙니다.   \n 쿠팡은 마켓플레이스(오픈마켓) 상품, 거래정보 및 거래 등에 대하여 책임을 지지 않습니다.   \n 쿠팡은 소비자 보호와 안전거래를 위해 신뢰관리센터(CM112@coupang.com)를 운영하고 있으며, 관련 분쟁이 발생할 경우 별도의 분쟁 처리절차에 의거 분쟁이 처리됩니다.   \n Copyright © Coupang Corp. 2010-2025 All Rights Reserved.\n\n![](https://front.coupangcdn.com/front-web-next/_next/static/media/f.34bde318.png)\n![](https://front.coupangcdn.com/front-web-next/_next/static/media/b.637cda1c.png)\n![](https://front.coupangcdn.com/front-web-next/_next/static/media/s.a7aca4ea.png)"
      },
      {
        "platform": "coupang",
        "title": "안심 - 구이/스테이크",
        "url": "https://www.coupang.com/np/categories/464592",
        "snippet": "미트엔조이 호주산 안심 스테이크 (냉장), 150g, 1개 · 미트엔조이 호주산 안심 스테이크 (냉장), 150g, 1개. 12,350원 ; 호주산 소고기 안심 스테이크용 (냉장), 150g, 1개.",
        "score": 0.27702093,
        "timestamp": "2025-11-29T05:41:09.765672",
        "raw_content": null
      },
      {
        "platform": "coupang",
        "title": "coupang.com/vp/products/80042271",
        "url": "https://www.coupang.com/vp/products/80042271",
        "snippet": "PERDIGAO 닭다리살 정육 2kg COUPANG www.coupang.com.",
        "score": 0.23612009,
        "timestamp": "2025-11-29T05:41:09.765675",
        "raw_content": null
      },
      {
        "platform": "coupang",
        "title": "정육/계란 - 국내산 소고기, 수입 소고기, 한돈, 수입 돼지고기 | 쿠팡",
        "url": "https://www.coupang.com/np/categories/420234",
        "snippet": "쿠팡에서 정육/계란 특가를 살펴보세요. 국내산 소고기, 수입 소고기, 한돈, 수입 돼지고기 등을 원하는 조건별로 확인할 수 있습니다. 와우회원은 무료 배송 혜택도 누릴 수 있어요.",
        "score": 0.115730874,
        "timestamp": "2025-11-29T05:41:09.765677",
        "raw_content": null
      },
      {
        "platform": "coupang",
        "title": "쿠팡!",
        "url": "https://shop.coupang.com/lionkoreaofficial/11276?source=brandstore_display_ads&adType=DA&eventId=i7YIgyw8zqbSy21d&from=home_C1&traid=home_C1&trcid=11578739",
        "snippet": "고객님의 브라우저에서는 쿠팡이 정상 동작하지 않습니다.  \n인터넷 익스플로러 업데이트, 크롬 또는 파이어폭스 브라우저를 설치하세요.\n\n쿠팡로고\n\n주문목록 취소/반품 찜 리스트 정기배송\n\n패션의류/잡화\n뷰티 베스트 픽\n출산/유아동\n식품\n주방용품\n생활용품\n홈인테리어\n가전디지털\n스포츠/레저\n자동차용품\n도서/음반/DVD\n완구/취미\n문구/오피스\n25Y 11월 펫푸드위크\n헬스/건강식품\n\n국내여행\n\n해외여행\n\n국내여행\nR.LUX\n\n자주묻는 질문 1:1 채팅문의 고객의 소리 취소 / 반품 안내\n\n오픈마켓 여행·티켓 로켓배송 제휴마케팅 로켓그로스\n\n# 라이온코리아 공식스토어\n\nproduct\nrocket\n\nproduct\nrocket\n\nproduct\nrocket\n\nproduct\nrocket\n\nproduct\nrocket\n\nproduct\nrocket\n\nproduct\nrocket\n\nproduct\nrocket\n\nproduct\nrocket\n\nproduct\nrocket\n\nproduct\nrocket [...] 사이버몰 내 판매되는 상품 중에는 쿠팡에 등록한 개별 판매자가 판매하는 마켓플레이스(오픈마켓) 상품이 포함되어 있습니다.\n  \n 마켓플레이스(오픈마켓) 상품의 경우 쿠팡은 통신판매중개자이며 통신판매의 당사자가 아닙니다.   \n쿠팡은 마켓플레이스(오픈마켓) 상품, 거래정보 및 거래 등에 대하여 책임을 지지\n않습니다.   \n 쿠팡은 소비자 보호와 안전거래를 위해 신뢰관리센터(CM112@coupang.com)를 운영하고 있으며, 관련 분쟁이 발생할 경우 별도의 분쟁 처리절차에 의거 분쟁이\n처리됩니다.  \n Copyright © Coupang Corp. 2010-2025 All Rights Reserved. [...] product\nrocket\n\nproduct\nrocket\n\nproduct\nrocket\n\nproduct\nrocket\n\nproduct\nrocket\n\nproduct\nrocket\n\nproduct\nrocket\n\n/\n\nprev\nnext\n\nGlobal Site\n\n채무지급보증 안내  \n\n당사는 고객님이 현금 결제한 금액에 대해  \n채무지급보증 계약을 체결하여  \n안전거래를 보장하고 있습니다.  \n서비스 가입사실 확인 >",
        "score": 0.09572939,
        "timestamp": "2025-11-29T05:41:09.765680",
        "raw_content": "고객님의 브라우저에서는 쿠팡이 정상 동작하지 않습니다.  \n인터넷 익스플로러 업데이트, 크롬 또는 파이어폭스 브라우저를 설치하세요.\n\n![쿠팡로고](//image.coupangcdn.com/image/coupang/common/logo_coupang_w350.png)\n![](https://static.coupangcdn.com/image/coupang/common/pc_header_img_sprite_new_gnb.svg#person)\n\n[주문목록](https://mc.coupang.com/ssr/desktop/order/list) [취소/반품](https://mc.coupang.com/ssr/desktop/cancel-return-exchange/list) [찜 리스트](//wish-web.coupang.com/wishInitView.pang) [정기배송](https://subscribe-order.coupang.com/manage/subs.pang\n    )\n\n![](https://static.coupangcdn.com/image/coupang/common/pc_header_img_sprite_new_gnb.svg#cart)\n![](//image.coupangcdn.com/image/coupang/home/icons/web/kr/coupang-play.png)\n![](//image.coupangcdn.com/image/coupang/home/icons/web/kr/rocket-delivery.png)\n![](//image.coupangcdn.com/image/coupang/home/icons/web/kr/rocket-fresh.png)\n![](//image.coupangcdn.com/image/coupang/home/icons/Christmas/Christmas_PC_2025.png)\n![](//image.coupangcdn.com/image/coupang/common/fbi_icon_3x.png)\n![](//image.coupangcdn.com/image/coupang/home/icons/web/kr/biz.png)\n![](//image.coupangcdn.com/image/coupang/home/icons/web/kr/oversea-delivery.png)\n![](//image.coupangcdn.com/image/coupang/home/icons/web/kr/gold-box.png)\n![](//image.coupangcdn.com/image/coupang/home/icons/web/kr/new-item-of-month.png)\n![](//image.coupangcdn.com/image/coupang/home/icons/web/kr/omp.png)\n![](//image.coupangcdn.com/image/coupang/home/icons/web/kr/wow.png)\n![](//image.coupangcdn.com/image/coupang/home/icons/web/kr/benefit.png)\n![](//image.coupangcdn.com/image/coupang/home/icons/web/kr/returned-market.png)\n![](//image.coupangcdn.com/image/coupang/home/icons/web/kr/sustainable-market.png)\n![](//image.coupangcdn.com/image/coupang/home/icons/web/kr/event.png)\n![](//image.coupangcdn.com/image/coupang/home/icons/web/kr/travel.png)\n![](//image.coupangcdn.com/image/coupang/home/icons/web/kr/sell-on-coupang.png)\n![패션의류/잡화]()\n![뷰티 베스트 픽]()\n![출산/유아동]()\n![식품]()\n![주방용품]()\n![생활용품]()\n![홈인테리어]()\n![가전디지털]()\n![스포츠/레저]()\n![자동차용품]()\n![도서/음반/DVD]()\n![완구/취미]()\n![문구/오피스]()\n![25Y 11월 펫푸드위크]()\n![헬스/건강식품]()\n\n국내여행\n\n해외여행\n\n![국내여행]()\n![R.LUX]()\n\n[자주묻는 질문](https://mc.coupang.com/ssr/desktop/contact/faq) [1:1 채팅문의](https://mc.coupang.com/ssr/desktop/contact/inquiry) [고객의 소리](https://mc.coupang.com/ssr/desktop/contact/voc) [취소 / 반품 안내](https://www.coupang.com/returnPolicy.pang)\n\n[오픈마켓](https://marketplace.coupangcorp.com/s/?utm_source=button_pc&utm_medium=non_paid&utm_campaign=onsite_ca&utm_id=coupang_app?inflow=WEB_HEADER_B) [여행·티켓](https://with.coupang.com/contract/initialize?inflow=WEB_HEADER_B) [로켓배송](https://supplier.coupang.com/welcome/join) [제휴마케팅](https://partners.coupang.com) [로켓그로스](https://sell.coupang.com?utm_source=web_button_pc_rg&utm_medium=referral&utm_campaign=onsite_lead&utm_id=coupang_web?inflow=WEB_HEADER_B)\n\n![](https://image11.coupangcdn.com/image/cmg/oms/banner/5feaff25-0f7c-4c4f-8801-94b3cf48ed2f_100x100.png)\n\n# 라이온코리아 공식스토어\n\n![](https://front.coupangcdn.com/coupang-store-display/20251118154542_kr/img/ic_heart_dark_outline.a93ccc9.svg)\n![]()\n![product](data:image/gif;base64,R0lGODlhAQABAAAAACH5BAEKAAEALAAAAAABAAEAAAICTAEAOw==)\n![rocket](//image9.coupangcdn.com/image/coupang/rds/logo/xxxhdpi/logo_rocket_medium.png)\n![]()\n![product](data:image/gif;base64,R0lGODlhAQABAAAAACH5BAEKAAEALAAAAAABAAEAAAICTAEAOw==)\n![rocket](//image9.coupangcdn.com/image/coupang/rds/logo/xxxhdpi/logo_rocket_medium.png)\n![]()\n![product](data:image/gif;base64,R0lGODlhAQABAAAAACH5BAEKAAEALAAAAAABAAEAAAICTAEAOw==)\n![rocket](//image9.coupangcdn.com/image/coupang/rds/logo/xxxhdpi/logo_rocket_medium.png)\n![]()\n![product](data:image/gif;base64,R0lGODlhAQABAAAAACH5BAEKAAEALAAAAAABAAEAAAICTAEAOw==)\n![rocket](//image9.coupangcdn.com/image/coupang/rds/logo/xxxhdpi/logo_rocket_medium.png)\n![]()\n![product](data:image/gif;base64,R0lGODlhAQABAAAAACH5BAEKAAEALAAAAAABAAEAAAICTAEAOw==)\n![rocket](//image9.coupangcdn.com/image/coupang/rds/logo/xxxhdpi/logo_rocket_medium.png)\n![]()\n![product](data:image/gif;base64,R0lGODlhAQABAAAAACH5BAEKAAEALAAAAAABAAEAAAICTAEAOw==)\n![rocket](//image9.coupangcdn.com/image/coupang/rds/logo/xxxhdpi/logo_rocket_medium.png)\n![]()\n![product](data:image/gif;base64,R0lGODlhAQABAAAAACH5BAEKAAEALAAAAAABAAEAAAICTAEAOw==)\n![rocket](//image9.coupangcdn.com/image/coupang/rds/logo/xxxhdpi/logo_rocket_medium.png)\n![]()\n![product](data:image/gif;base64,R0lGODlhAQABAAAAACH5BAEKAAEALAAAAAABAAEAAAICTAEAOw==)\n![rocket](//image9.coupangcdn.com/image/coupang/rds/logo/xxxhdpi/logo_rocket_medium.png)\n![]()\n![product](data:image/gif;base64,R0lGODlhAQABAAAAACH5BAEKAAEALAAAAAABAAEAAAICTAEAOw==)\n![rocket](//image9.coupangcdn.com/image/coupang/rds/logo/xxxhdpi/logo_rocket_medium.png)\n![]()\n![product](data:image/gif;base64,R0lGODlhAQABAAAAACH5BAEKAAEALAAAAAABAAEAAAICTAEAOw==)\n![rocket](//image9.coupangcdn.com/image/coupang/rds/logo/xxxhdpi/logo_rocket_medium.png)\n![]()\n![product](data:image/gif;base64,R0lGODlhAQABAAAAACH5BAEKAAEALAAAAAABAAEAAAICTAEAOw==)\n![rocket](//image9.coupangcdn.com/image/coupang/rds/logo/xxxhdpi/logo_rocket_medium.png)\n![]()\n![product](data:image/gif;base64,R0lGODlhAQABAAAAACH5BAEKAAEALAAAAAABAAEAAAICTAEAOw==)\n![rocket](//image9.coupangcdn.com/image/coupang/rds/logo/xxxhdpi/logo_rocket_medium.png)\n![]()\n![product](data:image/gif;base64,R0lGODlhAQABAAAAACH5BAEKAAEALAAAAAABAAEAAAICTAEAOw==)\n![rocket](//image9.coupangcdn.com/image/coupang/rds/logo/xxxhdpi/logo_rocket_medium.png)\n![]()\n![product](data:image/gif;base64,R0lGODlhAQABAAAAACH5BAEKAAEALAAAAAABAAEAAAICTAEAOw==)\n![rocket](//image9.coupangcdn.com/image/coupang/rds/logo/xxxhdpi/logo_rocket_medium.png)\n![]()\n![product](data:image/gif;base64,R0lGODlhAQABAAAAACH5BAEKAAEALAAAAAABAAEAAAICTAEAOw==)\n![rocket](//image9.coupangcdn.com/image/coupang/rds/logo/xxxhdpi/logo_rocket_medium.png)\n![]()\n![product](data:image/gif;base64,R0lGODlhAQABAAAAACH5BAEKAAEALAAAAAABAAEAAAICTAEAOw==)\n![rocket](//image9.coupangcdn.com/image/coupang/rds/logo/xxxhdpi/logo_rocket_medium.png)\n![]()\n![product](data:image/gif;base64,R0lGODlhAQABAAAAACH5BAEKAAEALAAAAAABAAEAAAICTAEAOw==)\n![rocket](//image9.coupangcdn.com/image/coupang/rds/logo/xxxhdpi/logo_rocket_medium.png)\n![]()\n![product](data:image/gif;base64,R0lGODlhAQABAAAAACH5BAEKAAEALAAAAAABAAEAAAICTAEAOw==)\n![rocket](//image9.coupangcdn.com/image/coupang/rds/logo/xxxhdpi/logo_rocket_medium.png)\n![]()\n![](//image.coupangcdn.com/image/displayitem/displayitem_8ad9b5e0-fd76-407b-b820-6494f03ffc31.jpg)\n![](//image.coupangcdn.com/image/displayitem/displayitem_f0e08928-083a-4345-a96e-bdc927807695.jpg)\n![](//image.coupangcdn.com/image/displayitem/displayitem_eea963ab-9659-4fb7-87c4-36be5b82917a.png)\n![](//image.coupangcdn.com/image/displayitem/displayitem_ad84783d-4811-49c6-99e8-79a1085b0d8b.png)\n![](//image.coupangcdn.com/image/displayitem/displayitem_92caf13f-61ae-4634-83c5-124d84633848.png)\n\n/\n\n[prev](이전 페이지 보기 \"이전 페이지 보기\")\n[next](다음 페이지 보기 \"다음 페이지 보기\")\n\nGlobal Site\n\n**채무지급보증 안내**  \n\n당사는 고객님이 현금 결제한 금액에 대해  \n채무지급보증 계약을 체결하여  \n안전거래를 보장하고 있습니다.  \n[서비스 가입사실 확인 >](javascript:; \"서비스 가입사실 확인\")\n\n사이버몰 내 판매되는 상품 중에는 쿠팡에 등록한 개별 판매자가 판매하는 마켓플레이스(오픈마켓) 상품이 포함되어 있습니다.\n  \n 마켓플레이스(오픈마켓) 상품의 경우 쿠팡은 통신판매중개자이며 통신판매의 당사자가 아닙니다.   \n쿠팡은 마켓플레이스(오픈마켓) 상품, 거래정보 및 거래 등에 대하여 책임을 지지\n않습니다.   \n 쿠팡은 소비자 보호와 안전거래를 위해 신뢰관리센터(CM112@coupang.com)를 운영하고 있으며, 관련 분쟁이 발생할 경우 별도의 분쟁 처리절차에 의거 분쟁이\n처리됩니다.  \n Copyright © Coupang Corp. 2010-2025 All Rights Reserved."
      }
    ],
    "search_engine": "tavily",
    "search_options": {
      "depth": "advanced",
      "days": null,
      "include_content": true,
      "search_platforms": [
        "naver",
        "coupang"
      ],
      "sort_by": "popular"
    }
  },
  "review_insights": null,
  "detail_page_result": null,
  "chat_history": [],
  "current_step": "swot",
  "completed_steps": [
    "swot"
  ]
}