{
  "session_id": "proj_15a887ab",
  "created_at": "2025-11-29T02:22:21.792225",
  "updated_at": "2025-11-29T02:23:42.429088",
  "product_info": {
    "product_name": "제디터 정육 스테이크용 한우",
    "category": "식재료",
    "keywords": [
      "건강",
      "최고급 정육",
      "1인용"
    ],
    "target_customer": "주부, 요리 하는 사람들",
    "platforms": [
      "coupang",
      "naver"
    ]
  },
  "swot_result": {
    "swot": {
      "SWOT": {
        "Strengths": [
          "최고급 한우 사용으로 품질이 뛰어나며, 건강을 중시하는 소비자에게 어필 가능",
          "1인용 패키지로 소규모 소비자 타겟팅에 적합하여 개인화된 소비 경험 제공",
          "정육 스테이크 전문 브랜드 이미지로 고급스러움과 신뢰성 구축",
          "유사한 상품 대비 가격 경쟁력과 가성비 제공",
          "온라인 마케팅과 소셜 미디어 플랫폼 활용으로 젊은 소비자층 접근 용이"
        ],
        "Weaknesses": [
          "브랜드 인지도가 상대적으로 낮아 초기 시장 진입에 어려움",
          "유통망이 제한적일 경우 고객 접근성 저하",
          "고급 정육의 높은 가격 때문에 가격 민감한 소비자 유치 어려움",
          "경쟁사와의 차별화된 마케팅 전략 부족",
          "소비자 반응에 대한 데이터 분석 부족으로 인한 마케팅 효과 저하"
        ],
        "Opportunities": [
          "건강식품 및 고급 식재료에 대한 소비자 수요 증가",
          "온라인 쇼핑 및 배달 서비스 확대에 따른 판매 채널 다각화",
          "프리미엄 제품 소비 증가에 따른 고급 정육 시장 성장",
          "소셜 미디어를 통한 바이럴 마케팅 기회",
          "해외 진출 가능성 및 외국인 관광객 대상 마케팅 기회"
        ],
        "Threats": [
          "경쟁사의 저가 상품 및 대량 생산으로 인한 가격 경쟁 심화",
          "소비자 취향의 변화에 따른 수요 감소 위험",
          "식품 안전 문제로 인한 브랜드 이미지 손상",
          "기후 변화와 같은 외부 환경 요인으로 인한 원자재 가격 상승",
          "소셜 미디어에서의 부정적 피드백으로 인한 소비자 신뢰 하락"
        ]
      }
    },
    "three_c": {
      "3C_analysis": {
        "Company": {
          "strengths": [
            "고품질 한우 정육 제품 제공",
            "스테이크용으로 최적화된 상품 라인업",
            "소비자들에게 신뢰를 줄 수 있는 브랜드 이미지"
          ],
          "resources": [
            "전문적인 육류 가공 시설",
            "강력한 유통 네트워크",
            "고객 서비스를 위한 인력"
          ],
          "capabilities": [
            "고객의 취향에 맞는 다양한 스테이크 조리법 제공",
            "품질 관리 및 안전성 기준 준수",
            "마케팅 및 판촉 전략 수립 능력"
          ]
        },
        "Customer": {
          "needs": [
            "고급스러운 식사 경험",
            "간편하게 조리할 수 있는 고기 제품",
            "신선하고 질 좋은 재료에 대한 요구"
          ],
          "pain_points": [
            "고기 조리 시 실패에 대한 두려움",
            "고기 선택 시 정보 부족",
            "가격 대비 품질에 대한 의구심"
          ],
          "purchase_motivations": [
            "특별한 날을 기념하기 위한 고급 스테이크 구매",
            "가족 및 친구와의 모임을 위한 식사 준비",
            "요리의 간편함과 품질을 동시에 고려"
          ]
        },
        "Competitor": {
          "strategies": [
            "YouTube와 같은 플랫폼을 통한 조리법 공유 및 홍보",
            "SNS를 활용한 고객 소통 및 피드백 반영",
            "가격 경쟁력을 갖춘 다양한 상품 라인업"
          ],
          "strengths": [
            "다양한 조리법과 요리 영상을 통한 고객 유인",
            "무한리필 및 패키지 상품으로 가성비 강조",
            "고객 리뷰와 추천을 통한 신뢰 구축"
          ],
          "weaknesses": [
            "브랜드 인지도 및 신뢰성 부족",
            "고객 서비스 및 지원 체계의 미비",
            "품질 변동성으로 인한 고객 불만"
          ]
        }
      }
    },
    "price_analysis": {
      "min_price": 1000,
      "max_price": 1609000,
      "avg_price": 34409.0,
      "price_range": "1,000원 ~ 1,609,000원",
      "lowest_product": {
        "price": 1000,
        "product": "쿠팡이 추천하는 스테이크용 안심 관련 혜택과 특가",
        "url": "https://www.coupang.com/np/search?q=%EC%8A%A4%ED%85%8C%EC%9D%B4%ED%81%AC%EC%9A%A9%20%EC%95%88%EC%8B%AC",
        "platform": "coupang"
      },
      "all_prices": [
        {
          "price": 1000,
          "product": "쿠팡이 추천하는 스테이크용 안심 관련 혜택과 특가",
          "url": "https://www.coupang.com/np/search?q=%EC%8A%A4%ED%85%8C%EC%9D%B4%ED%81%AC%EC%9A%A9%20%EC%95%88%EC%8B%AC",
          "platform": "coupang"
        },
        {
          "price": 1045,
          "product": "한우혼합세트 - 정육 | 쿠팡",
          "url": "https://www.coupang.com/np/categories/196412",
          "platform": "coupang"
        },
        {
          "price": 1045,
          "product": "한우혼합세트 - 정육 | 쿠팡",
          "url": "https://www.coupang.com/np/categories/196412",
          "platform": "coupang"
        },
        {
          "price": 1045,
          "product": "한우혼합세트 - 정육 | 쿠팡",
          "url": "https://www.coupang.com/np/categories/196412",
          "platform": "coupang"
        },
        {
          "price": 1045,
          "product": "한우혼합세트 - 정육 | 쿠팡",
          "url": "https://www.coupang.com/np/categories/196412",
          "platform": "coupang"
        },
        {
          "price": 1045,
          "product": "한우혼합세트 - 정육 | 쿠팡",
          "url": "https://www.coupang.com/np/categories/196412",
          "platform": "coupang"
        },
        {
          "price": 1045,
          "product": "한우혼합세트 - 정육 | 쿠팡",
          "url": "https://www.coupang.com/np/categories/196412",
          "platform": "coupang"
        },
        {
          "price": 1098,
          "product": "채끝 - 구이/스테이크",
          "url": "https://www.coupang.com/np/categories/464571",
          "platform": "coupang"
        },
        {
          "price": 1187,
          "product": "쿠팡이 추천하는 스테이크용 안심 관련 혜택과 특가",
          "url": "https://www.coupang.com/np/search?q=%EC%8A%A4%ED%85%8C%EC%9D%B4%ED%81%AC%EC%9A%A9%20%EC%95%88%EC%8B%AC",
          "platform": "coupang"
        },
        {
          "price": 1189,
          "product": "채끝 - 구이/스테이크",
          "url": "https://www.coupang.com/np/categories/464571",
          "platform": "coupang"
        }
      ]
    },
    "insights": [
      "💰 경쟁 가격대: 1,000원 ~ 1,609,000원 (평균 34,409.0원)",
      "🏷️ 최저가: 쿠팡이 추천하는 스테이크용 안심 관련 혜택과 특가 - 1,000원"
    ],
    "competitor_count": 60
  },
  "competitor_data": {
    "query": "제디터 정육 스테이크용 한우 식재료",
    "platforms": [
      "coupang",
      "naver"
    ],
    "results": [
      {
        "platform": "news",
        "title": "한우 1++ 등심 스테이크 실패없이 굽는 법 ㅣ 완벽한 ... - YouTube",
        "url": "https://www.youtube.com/watch?v=rjJwvypyxuA",
        "snippet": "# 한우 1++ 등심 스테이크 실패없이 굽는 법 ㅣ 완벽한 스테이크 이 영상만 보세요\n## 고기수저 Meat Spoon l 아빠가 키운 소\n448 subscribers\n18 likes\n\n### Description\n1442 views\nPosted: 20 Aug 2025\n#스테이크 #등심 #채끝 #등심스테이크 \n\n오늘 영상에서는 한우 채끝 부위를 사용해 집에서도 실패 없이 맛있게 즐길 수 있는 스테이크 굽는 법을 알려드렸습니다.\n특히 고소한 풍미와 풍부한 육즙을 자랑하는 등심과 채끝은 고기 본연의 맛을 살리기에 최고의 선택이에요.\n\n많은 분들이 스테이크 하면 안심이나 등심을 먼저 떠올리지만, 저는 개인적으로 채끝이 주는 깊은 풍미와 부드러움을 더 추천드려요.\n오늘 소개한 방법은 등심스테이크뿐만 아니라 채끝을 이용한 스테이크에도 그대로 적용할 수 있습니다. [...] 위해서 겉을 살짝 튀기듯이 하면 훨씬 더 맛있어요. 열이 올라왔다면 고기를\n올려 줍니다. 이때 잠깐 뒀다가 불을 중강불로 줄여 주시고요.\n고기를 잡고 열이 올라 있는 다른 쪽 프라이팬으로 옮겨가면서 지지듯이 구워\n주세요. 스테이크라고 하면 가장 많이 접하는게\n안심과 등심인데요. 안심은 마블링이 적고 부드러운 부위이고 등심과 채끝은\n지방이 많아서 훨씬 고소합니다. 고기는 냉동, 냉장, 한우, 미국산 등\n다양하게 선택하실 수 있는데요. 미국산 소고기 해 드시려면 최소\n프라임 등급으로 선택해 주시고요. 그래도 해 먹었을 때 가장 맛있는 건\n투쁠 한우더라고요. 저는 한우 지방에서 오는 고소한 맛을 좋아하는 편이라서\n채끝으로 선택했습니다. 지방이 있는 등심, 채끝은 안심보다 조금 더\n익히고 안쪽 지방까지 충분히 익혀야 하지만 오히려 안심보다 익힘 정도의\n덜민감에서 누구나 쉽게 구울 수 있어요. 정말 맛있는 스테이크를 해 [...] 웬만하면 다 맛있게 구워 먹을 수 있어요. 근데 영상을 아무리 돌려보고\n머릿속으로 이미지 트레이닝을 해 봐도 정작 중요한 날 고기를 굽다 보면 참\n맘처럼 안 될 때 있죠. 그럴 땐 좋은 고기를 쓰면 어떻게 구워도 평균\n이상의 맛을 낼 수 있기 때문에 실패 없는 스테이크라 할 수 있어요. 특히\n제가 추천드리는 건 숙성 체크 등심이에요. 육즙이 터져 나올 정도로\n풍부하고 쉽자마자 놀라울 정도로 부드러워서 이방 가득 고수 풍미가\n퍼집니다. 진짜 감탄 나와요. 만약 특별한 날을 앞두고 있거나 집에서도\n제대로 된 스테이크 즐기고 싶요 제가 아래 링크에 스테이크 전용 환우\n체크 등심을 걸어 놨으니까 꼭 확인해 보시고 집에서도 겉바속 명품 한우\n스테이크 즐겨 보세요.",
        "score": 0.22911276,
        "timestamp": "2025-11-29T02:23:03.606466",
        "raw_content": "# 한우 1++ 등심 스테이크 실패없이 굽는 법 ㅣ 완벽한 스테이크 이 영상만 보세요\n## 고기수저 Meat Spoon l 아빠가 키운 소\n448 subscribers\n18 likes\n\n### Description\n1442 views\nPosted: 20 Aug 2025\n#스테이크 #등심 #채끝 #등심스테이크 \n\n오늘 영상에서는 한우 채끝 부위를 사용해 집에서도 실패 없이 맛있게 즐길 수 있는 스테이크 굽는 법을 알려드렸습니다.\n특히 고소한 풍미와 풍부한 육즙을 자랑하는 등심과 채끝은 고기 본연의 맛을 살리기에 최고의 선택이에요.\n\n많은 분들이 스테이크 하면 안심이나 등심을 먼저 떠올리지만, 저는 개인적으로 채끝이 주는 깊은 풍미와 부드러움을 더 추천드려요.\n오늘 소개한 방법은 등심스테이크뿐만 아니라 채끝을 이용한 스테이크에도 그대로 적용할 수 있습니다.\n\n만약 특별한 날, 집에서도 레스토랑 못지않은 등심스테이크를 즐기고 싶다면 이번 영상 꼭 끝까지 보세요.\n맛있게 잘 숙성된 등심은 어떻게 구워도 평균 이상의 맛을 내고, 특히 채끝으로 만든 등심스테이크는 누구나 감탄할 만한 결과를 보여줍니다.\n\n▶영상에서 사용한 고기는 아래 링크에서 확인할 수 있습니다.\n집에서도 겉바속촉, 프리미엄 한우 스테이크 즐겨보세요!\n\n\n0:03 채끝등심 스테이크\n0:24 등심 고르는 방법\n0:32 마이야르 반응\n1:11 안심스테이크\n1:14 채끝 등심 스테이크\n1:29 1++ 한우 스테이크\n1:49 스테이크 굽는 방법\n2:25 스테이크 자주 뒤집는 이유\n3:09 베이스팅\n3:38 레스팅\n3:55 레스팅 하는 이유\n4:23 가니쉬\n4:34 겉바속촉\n5:00 실패없는 스테이크\n\n2 comments\n### Transcript:\n안녕하세요. 오늘은 채끝 등심\n스테이크를 구워 보려고 합니다. 남자 친구에게 이 방법으로 스테이크를 구워\n줬는데 소름돋게 맛있다고 레스토랑 저리 가라라고 하면서 정말 너무너무\n좋아하더라고요. 특별한 날 소중한 사람과 맛있는 걸 먹고 싶은 날이\n방법으로 스테이크를 구워 보세요. 준비물은 한우 투쁠 체크 등심과 남자\n친구입니다. 저번 영상에서 등심 고르는 법 알려 드렸죠? 두께는\n3cm 정도면 딱 좋아요. 일단 고기는 너무 찬기가 느껴지지 않게\n미리 냉장고에서 꺼내 두시는게 좋아요. 겉에 물기가 있으면\n바삭해지는 마이아르 반응이 잘 안 나오기 때문에 꼭 고기에 핏물을 닦아\n주는게 중요해요. 소금도 뿌려 주시고요. 많은 사람들이 쉽게 다를\n수 있는 코팅 펜을 꺼내서 열을 올려 주세요. 올리브유도 세 바퀴 정도\n둘러 줍니다. 기름이 너무 많다고 생각하실 수도 있는데 겉바 속촉을\n위해서 겉을 살짝 튀기듯이 하면 훨씬 더 맛있어요. 열이 올라왔다면 고기를\n올려 줍니다. 이때 잠깐 뒀다가 불을 중강불로 줄여 주시고요.\n고기를 잡고 열이 올라 있는 다른 쪽 프라이팬으로 옮겨가면서 지지듯이 구워\n주세요. 스테이크라고 하면 가장 많이 접하는게\n안심과 등심인데요. 안심은 마블링이 적고 부드러운 부위이고 등심과 채끝은\n지방이 많아서 훨씬 고소합니다. 고기는 냉동, 냉장, 한우, 미국산 등\n다양하게 선택하실 수 있는데요. 미국산 소고기 해 드시려면 최소\n프라임 등급으로 선택해 주시고요. 그래도 해 먹었을 때 가장 맛있는 건\n투쁠 한우더라고요. 저는 한우 지방에서 오는 고소한 맛을 좋아하는 편이라서\n채끝으로 선택했습니다. 지방이 있는 등심, 채끝은 안심보다 조금 더\n익히고 안쪽 지방까지 충분히 익혀야 하지만 오히려 안심보다 익힘 정도의\n덜민감에서 누구나 쉽게 구울 수 있어요. 정말 맛있는 스테이크를 해\n먹어 보시고 싶은 분들은 이 영상에 스테이크 굽는 법 꼭 따라해 보세요.\n옆에서 봤을 때 밑이 바삭하고 노릇해진 거 같으면 뒤집어 주세요.\n반대편도 마찬가지로 옮겨가면서 지지듯이 구워 주세요. 바닥면이 살짝 노릇해진 거 같으면\n다시 뒤집어 줍니다. 이때부터는 30초에 한 번씩 뒤집어\n주시면 돼요. 옆면도 30초씩 구워 주세요. 자주 뒤집어 주는 건 얇은 고기 구울\n때 한쪽 면을 굽다 보면 윗부분에 물기가 생기잖아요. 그게 육즙인데\n육즙이 위로 올라와서 빠져나가기 전에 뒤집어서 안쪽으로 가두려고 자주\n뒤집는 거예요. 골고루 단면이 있는지 확인해 주세요.\n표면이 지난 갈색으로 변하면 거의 다 된 거예요. 탄 것처럼 보여도 절대\n탄게 아닙니다. 이제 마늘과 버터를 넣고 버터가 다\n녹으면 숟가락으로 고기에 끼얹어 주세요.이 이 과정은 1분에서 2분 정도만 해\n주면 됩니다. 다 됐으면 고기를 잠시 빼두시고\n호위을 덮어 주세요.이 과정이 레스팅인데요. 아주 중요한\n과정입니다. 스테이크를 구울 때 열 때문에 고기속 수분과 지방이 안쪽으로\n몰립니다. 그런데 구운 직후 바로 썰어 버리면 안쪽으로 몰렸던 육즙이\n그대로 팡하고 흘러나와서 고기가 금방 퍽퍽해져 버려요. 그래서 잠시\n레스팅을 해 주면 가운데 모였던 육즙이 고기 사이사이로 골고루\n퍼지면서 전체적으로 촉촉해집니다. 또 레스팅 중에는 고깃속 온도도 균일하게\n올라가서 더 부드럽고 완벽한 익힘 상태가 됩니다. 그러니 레스팅 절대\n건너뛰면 안 돼요. 3cm 두께 고기 기준으로 7분 정도 하면 딱 좋아요.\n레스팅 중간에 한 번 뒤집어 주세요. 이제 아까 쓰던 펜으로 돌아가서\n버섯이랑 아스파라거스를 구워 주세요 다 구워졌으면 빼 주시고 저는 이때\n고기를 다시 불에 올려서 표면에 수분만 한번 날려 줍니다. 겉바속촉\n느낌 아시죠? 잘라서 플레이팅까지 하면 완성.\n와, 진짜 너무 맛있어요. 여러분, 고기는 사실 안심 등심처럼\n부위별 특징만 알고 굽기 전에 수분만 잘 제거하고이 방법으로 구워주면\n웬만하면 다 맛있게 구워 먹을 수 있어요. 근데 영상을 아무리 돌려보고\n머릿속으로 이미지 트레이닝을 해 봐도 정작 중요한 날 고기를 굽다 보면 참\n맘처럼 안 될 때 있죠. 그럴 땐 좋은 고기를 쓰면 어떻게 구워도 평균\n이상의 맛을 낼 수 있기 때문에 실패 없는 스테이크라 할 수 있어요. 특히\n제가 추천드리는 건 숙성 체크 등심이에요. 육즙이 터져 나올 정도로\n풍부하고 쉽자마자 놀라울 정도로 부드러워서 이방 가득 고수 풍미가\n퍼집니다. 진짜 감탄 나와요. 만약 특별한 날을 앞두고 있거나 집에서도\n제대로 된 스테이크 즐기고 싶요 제가 아래 링크에 스테이크 전용 환우\n체크 등심을 걸어 놨으니까 꼭 확인해 보시고 집에서도 겉바속 명품 한우\n스테이크 즐겨 보세요. "
      },
      {
        "platform": "news",
        "title": "월간식당",
        "url": "https://month.foodbank.co.kr/section/pmag.php?PHPSESSID=36071d6d6cdb1ace1b6ff639d9fda54d",
        "snippet": "한우 스테이크 + 샐러드 바의 뉴 콘셉트 · 온 가족 모임에서 직장인 회식까지 ... [한우판매인증점]한우 무한리필 전문점 솔고개정육식당 · 광복상회/옥연가/힘찬장어.",
        "score": 0.17562322,
        "timestamp": "2025-11-29T02:23:03.606501",
        "raw_content": null
      },
      {
        "platform": "news",
        "title": "한우 안심스테이크 완벽하게 굽는 방법 - YouTube",
        "url": "https://www.youtube.com/watch?v=tDKttt3KSXc",
        "snippet": "되는데요 한번 보시죠 4 지금 불끈 상태인데 완전히 완벽하게 나왔습니다 지금 보시면 굉장히 투명하고 양파가 굉장히 투명하고 모든 레드 와인을 다 흡수 안 그런 카라멜 라이스 저건 이연희 완성이 되었는데요 정말 잘 나왔어요 네 제가 원하는 게 바로 이런 겁니다 어 좀 묽게 보이시는데 지금 이게 c 금연 소스와 됩니다 그래가지고 그냥 실온에서 그냥 드셔도 되구요 그리고 요거를 조금 따뜻하게 해서 스테이크소스 로 지식이 굉장히 편합니다 저는 이것을 굉장히 추천 드리는 게 스테이크 에다가 블루치즈 나 고르곤졸라 같은 것을 느 시고 그 다음에 양파 쨈을 얹어서 드시면 굉장히 많습니다 조금 달지만 좀 짭짜름한 재 로랑 굉장히 잘 어울리구요 옆으로 놓고 제가 시켜드리겠습니다 자 이제 안심 시트 게 있는데요 아직 스테이크는 냉장고에서 1 3 4시간 정도 나 드시면 이 모양이 박차 핍니다 아주 날카로운 칼을 쓰시는게 제일 됐구요 자 이렇게 보시면 안심 스테이크가 이렇게 나옵니다 두께 맞춰 가지고 [...] 웨어에서 미중 정도로 됐네요 4 괜찮은 것 같아요 4 굉장히 부드러울 것 같습니다 6주 미만인 안나와요 4 이런 게 좋은 거 구요 양파 찜을 일단은 보실 수 만큼만 먼저 요정도 취업을 터서 장식을 해줍니다 [음악] 다음에 뜻입니다 [음악] 주변에 올리면 되죠 올리브 찰 짜 근처에 놓습니다 자 머스타드 는 여기다가 살짝 게 올려 주고요 성 넓어서 오일은 향이 굉장히 가능하니까요 여기 뚜껑에 다가 살짝 따라 가지고 사용하시는게 좋아요 테이크 란 굉장히 자료이기 때문에 스테이크의 에 주변에 다가 이렇게 장식하게 씁니다 후추도 살짝 케 포인트 롬은 내 이렇게 해서 오늘의 요리 안심스테이크 완성되었습니다 으 으 [음악] 여기 보시면 지금 레드 와인 레드 와인의 졸인 장 카 거랑 머스타드 를 살짝 올려 가지고 왜 먹어보도록 하겠습니다 [음악] 으 음 으 [음악] 뭔가 긋 않자 4 단 자네 끝판왕 는데 그 단 맛이 굉장히 고급스러움 단 맛이 5 레드 와인이 조여져 가지고 양파가 이렇게 볶은 [...] 올립니다 불을 최고로 올려서 레드와인을 넣습니다 레드 원 을 한번에 다 넣으시는 게 아니고요 조금 나눠서 레드와인을 넣겠습니다 먼저 간략하게 되시구요 그리고 파 줍니다 그리고 조금 좋아졌을 새 음반 더 높고 2 후라이팬에 온도가 갑자기 확 내려가는 걸 원치 않기 때문에 이렇게 나눠서 드는 겁니다 그리고 어느 정도 졸여 졌을 때 또 레드와인을 났습니다 으 조금 조금씩 나눠서 온도가 확 내려가지 않도록 조수미 우리를 합니다 4 이 상태에서 월계수 위의 두 장 정도 보시면 되구요 4 졸려 주고 있습니다 그리고 레드 아무도 없습니다 예 다섯 번에 나눠서 레드와인을 주시면 되구요 양파가 만년이 레드와인을 흡수할 때까지 졸여 주십니다 그리고 레드원 또 놓습니다 301 이온을 사용하는 레드와인은 1 300 미리 좋은 셈입니다 네 이렇게 줄여 주고 있는데요 제가 약한 불로 물을 좀 줄였습니다 자의 정도로 졸여 졌으면 자 설탕 백설탕 입니다 1컵을 먼저 단어집 하시고 반컵 정도 넣으시면 됩니다",
        "score": 0.17133865,
        "timestamp": "2025-11-29T02:23:03.606507",
        "raw_content": "# 레스토랑에서 먹던 스테이크 맛 그대로_한우 안심스테이크 완벽하게 굽는 방법\n## Men's cooking\n85000 subscribers\n1094 likes\n\n### Description\n156796 views\nPosted: 7 Jun 2019\n레스토랑에서 먹던 스테이크 맛 그대로_한우 안심스테이크 완벽하게 굽는 방법\n레스토랑에서 먹던 스테이크 그 맛 그대로!! \n한우 안심으로 만든 메달리온 스테이크 대공개!\n\n플레이팅의 왕자 이진호 셰프!!\n그가 선보이는 스테이크의 예술의 경지!!\n맛있는 안심스테이크와 카라멜라이즈드 어니언(양파잼) 소스 만드는 법 \n황홀한 안심 스테이크 만드는 법이 궁금하다면 채널 고정!\n\n남자들의 주부생활은 한식, 중식, 양식, 일식 등 전세계 요리 레시피를 쉽고 재밌게 소개하고 있습니다.  \n앞으로도 건강에 좋은 음식부터 중국 집밥, 중국요리, 반찬 만들기, 황금 레시피, 오늘 뭐먹지, 도시락 반찬, 맛집 추천, 초간단요리, 업소 레시피, 핑거 푸드, 다이어트에 좋은 음식, 자취 요리, 디저트만들기 등 쿠킹클래스 영상으로 제작하여 공유하겠습니다.\n\n▶남자들의 주부생활  ❤좋아요 📩구독버튼 🛎 알림버튼 꾸욱~!\n채널을 운영하는데 큰 도움이 됩니다.  :D\n\n아군미디어 홈페이지\nhttps://agoon.modoo.at \n\n#스테이크 #안심스테이크 #스테이크굽는방법\n\n74 comments\n### Transcript:\n남자들의 고생할 구독 무료라는 거 아시죠 구도 쿡 좋아요 눌러주세요 그래서 뒤집어 줍니다 [음악] the ie 5 waco 음 음 단 자네 끝판 없는데 양파 참다 울려서 인자 양말 되니 예 능력으로 어때요 소콤 하거나 또 장마와 입에다 통로 거지 음 로머 수가 음 네 안녕하세요 남자들 해주고 생활 이진호 셰프 입니다 네 오늘은 요 제가 아빠 신는 안심 스테이크를 만드는 방법을 제가 보여드리겠습니다 그리고 안심스테이크 랑 곁들여 먹을 수 있는 아주 간단한 레드 와인 소스 1 제가 보여주려고 합니다 전자 소스를 먼저 만들 거에요 양파를 이제 재미 라고 하기도 하고 그리고 카라멜 라이드 언니 언니 라고 말하기도 합니다 그래서 줄리앤 으로 양파를 썰어 주시구요 지금 양평은 하면 팔이 계발 종이 등 이니 팔겠습니다 자 프라이팬을 먼저 예로 해주십니다 올리브유를 아주 살짝만 눌러주세요 4 식용유를 그냥 사용할 수 되구요 양파를 넣으시구요 그리고 뒤적 구역 찰 국가 깁니다 카라멜 라이스 언니 너는 어떤 뜻이냐면 요 양파 어니언 을 카라멜 라이즈 한다 그래가지고 요걸 와인을 넣어서 카라 늘 같이 만드는 그런 좋습니다 그래서 아주 노릇노릇하게 밀어 볶아 주셔야 되요 제가 올리브유를 많이 안 내는 이유는 올리브유를 넣고 여기에 냉장고에서 보관을 할 텐데요 냉장고에 보관하면 올리브유가 이렇게 덩어리가 줘요 그대 가두고 식용유를 사용하실 수 없구요 올리브유를 느 신라면 아주 살짝만 넣으시면 됩니다 너무 뜨거운 같은 양한 중간 불로 줄여서 양 팔을 묶어 주시면 되고요 더 빨리 노릇노릇 구워지는 방법이 소음을 살짝 드시면 양파 굉장히 빨리 노란 으로 태지 입니다 그것은 양파에는 수분을 흡수를 시켜 가지고 그렇다고 하네요 4 이 방법은 제가 인도 레 또 라면서 쉐프 였을때 카레를 만들때 제가 배운 방법인데 세포들이 소금을 좋더라구요 제가 이 방법을 여기 적용을 한 겁니다 너무 중간 불 보다 약한 불로 내가 되게 뽑겠습니다 양파가 좀 투명해진 게 보여줄 거에요 그러면 불을 다시 올립니다 불을 최고로 올려서 레드와인을 넣습니다 레드 원 을 한번에 다 넣으시는 게 아니고요 조금 나눠서 레드와인을 넣겠습니다 먼저 간략하게 되시구요 그리고 파 줍니다 그리고 조금 좋아졌을 새 음반 더 높고 2 후라이팬에 온도가 갑자기 확 내려가는 걸 원치 않기 때문에 이렇게 나눠서 드는 겁니다 그리고 어느 정도 졸여 졌을 때 또 레드와인을 났습니다 으 조금 조금씩 나눠서 온도가 확 내려가지 않도록 조수미 우리를 합니다 4 이 상태에서 월계수 위의 두 장 정도 보시면 되구요 4 졸려 주고 있습니다 그리고 레드 아무도 없습니다 예 다섯 번에 나눠서 레드와인을 주시면 되구요 양파가 만년이 레드와인을 흡수할 때까지 졸여 주십니다 그리고 레드원 또 놓습니다 301 이온을 사용하는 레드와인은 1 300 미리 좋은 셈입니다 네 이렇게 줄여 주고 있는데요 제가 약한 불로 물을 좀 줄였습니다 자의 정도로 졸여 졌으면 자 설탕 백설탕 입니다 1컵을 먼저 단어집 하시고 반컵 정도 넣으시면 됩니다 요것도 나눠서 되시고요 그리고 아까 소금을 조금 넣어 찜한 지금 손을 소금간을 조금 하겟습니다 아주 조금 않으시고 후추도 네 아주 조금 뜻입니다 그리고 잘 섞어 주시구요 자 이제 소스가 조금씩 걸쭉해질 거예요 여기서 설탕을 제가 다 넣지 않는 이유는요 설탕을 다 더 버리면 완전히 쉬러 퐈 가 되버려서 나중에는 타 버립니다 그래서 설탕을 밤 만드시고 어느 정도 졸여 줬다 싶을 때 마지막에 설탕을 넣고 살짝 절인 후에 제가 불을 꿀 거거든요 지금 이렇게 보고 그러면 불을 완전히 약하게 줄여 주세요 약하게 줄여 주시고 철 탕을 나머지 설탕을 넣겠습니다 중간 불 정도 설탕도 높게 잘 섞어 주시면 됩니다 자 이제 냄새가 굉장히 좋습니다 향이 굉장히 좋아요 레드와인이 4 이온 스튜디오를 다 음악 감싸고 있습니다 레드와인에 그 향이 4 어느정도 보글보글 머리만 요것도 불을 아주 약하게 줄여 주시고 여기서 한 10분정도 4 아주 살살 줄여 주시면 됩니다 양파 카레라 s 어니언 이제 준비가 되는데요 한번 보시죠 4 지금 불끈 상태인데 완전히 완벽하게 나왔습니다 지금 보시면 굉장히 투명하고 양파가 굉장히 투명하고 모든 레드 와인을 다 흡수 안 그런 카라멜 라이스 저건 이연희 완성이 되었는데요 정말 잘 나왔어요 네 제가 원하는 게 바로 이런 겁니다 어 좀 묽게 보이시는데 지금 이게 c 금연 소스와 됩니다 그래가지고 그냥 실온에서 그냥 드셔도 되구요 그리고 요거를 조금 따뜻하게 해서 스테이크소스 로 지식이 굉장히 편합니다 저는 이것을 굉장히 추천 드리는 게 스테이크 에다가 블루치즈 나 고르곤졸라 같은 것을 느 시고 그 다음에 양파 쨈을 얹어서 드시면 굉장히 많습니다 조금 달지만 좀 짭짜름한 재 로랑 굉장히 잘 어울리구요 옆으로 놓고 제가 시켜드리겠습니다 자 이제 안심 시트 게 있는데요 아직 스테이크는 냉장고에서 1 3 4시간 정도 나 드시면 이 모양이 박차 핍니다 아주 날카로운 칼을 쓰시는게 제일 됐구요 자 이렇게 보시면 안심 스테이크가 이렇게 나옵니다 두께 맞춰 가지고 한 이 정도 이정도로 시작하면 땅 매달리 엄 그리고 하나더 할까요 2개정도 왜냐면 제가 제 배고파요 그래가지고 좀 먹을라고 d 를 먼저 제거를 해 주겠습니다 일단은 프라이팬을 달궈 주시구요 그리고 올리브유를 두릅니다 예 그리고 스테이크를 소금을 뿌리지 않고 곧바로 올립니다 4 4 마늘 넣어서 같이 구워 주세요 4 그리고 스테이크를 들어서 뒤집어 줍니다 기가 막히죠 예 여기서 후추 살짝 뿌려줍니다 살짝 뿌려주시고 소금도 살짝 뿌려 주시구요 예 단을 발짝 하는 거죠 그리고 마늘에 도 살짝 부품 기름이 골고루 묻도록 알짜 이렇게 여기 지금 일단 일자로 지금 이렇게 그릴 자국이 있잖아요 그러면 그걸 반대로 반대로 들어주시고 그 다음에 구워 주시는 겁니다 십자 모양 나도록 그래서 목이 일자로 모양이 있으면 반대로 우리를 이렇게 구워 줍니다 그리고 뒤쪽에는 폭음과 난 했죠 그러니까 소금간을 살짝 해주십니다 수출도 가능하시구요 줄 살짝 뿌려주고 예 네 그래서 일자 가 있으면 그 반대로 돌려서 호출됩니다 상대로 살짝 십자 모양이 날수 있게 보충이 됩니다 불을 완전 해주셔도 있구요 프라이팬 좀 뜨겁기 때문에 많은 분들이 궁금해 하시는데 스테이크는 어느 정도로 구워야 되나요 안심 스테이크는 등심 스테이크 란 좀 다른 점이며 여기에 달 이거도 굉장히 부드럽다 는 점입니다 그래서 등심을 하셨을 때는 여기 지금 여기 를 눌러 본 그런 테스트를 하거든요 제이크 익었는지 를 눌러 보는것을 여기를 눌러 보기도 하구요 그리고 이렇게 손을 눌러 붓기도 하고 여러가지 방법이 있는데 여기 맨 끝에 를 괴담 이라고 합니다 그래서 역 을 눌러 버틴 것은 딱딱하지 줘 4 그 외 당 그리고 여기 중간에 가 미디움 그리고 여기가 및 이매진 의 이제 왜 어져 근데 제가 오늘 읽는 방식은 미디움 웨어 해서 내어 중간 그 정도로 제가 보려고 하거든요 써 그와 가지고자 눌러봅니다 이렇게 둘러보는데 음 느낌이 아들 좋아요 4 아주 부드럽고 예 지금 아래쪽에 살짝 더 이쁜거 같아요 그와 두고 지금 그럴 거 겟습니다 여기서 불을 끕니다 스파츌라 로 들어서 올려서 여기다가 올려줍니다 근데 아래의 공기가 살짝 통할수 있게 이렇게 올려 주시고요 4 여기도 아래의 공개 살짝 통할 수 있게 워드 킴 좋은데 음 느낌 좋아요 스테이크를 보시면 지금 어떤가요 육즙이 나오고 있죠 요거를 지금 래스팅 이라고 합니다 4 조금 쉬어 준다는 그런 뜻인데요 자 이 상태가 지금 김이 모락모락 나고 뜨거운 상태 인데 여기서 칼집을 해버리면 안에 육즙이 다 나옵니다 래스팅 을 좀 하셨다가 칼로 쓰시면 안에 60도 꽉 갇혀 있고 그리고 딱 10 오셨을 때 그 소고기의 그 맛을 느낄 수 있는 거예요 그렇게 살짝 들어 주셔도 되고 여기 바깥에 있는 수분을 살짝 어 재벌 해주신다고 생각하고 할 짜 이렇게 들었다가 여기서 지금 6주 막 나오고 있죠 아주 레 스 팅 을 아주 살짝 해줘야 됩니다 일단 어 요거 한번 써볼까요 4 요구를 제가 한유 정도로 대각선을 한번 쓸어 볼게요 아 자 어느 정도로 익었는지 짜잔 4 미즈 웨어에서 미중 정도로 됐네요 4 괜찮은 것 같아요 4 굉장히 부드러울 것 같습니다 6주 미만인 안나와요 4 이런 게 좋은 거 구요 양파 찜을 일단은 보실 수 만큼만 먼저 요정도 취업을 터서 장식을 해줍니다 [음악] 다음에 뜻입니다 [음악] 주변에 올리면 되죠 올리브 찰 짜 근처에 놓습니다 자 머스타드 는 여기다가 살짝 게 올려 주고요 성 넓어서 오일은 향이 굉장히 가능하니까요 여기 뚜껑에 다가 살짝 따라 가지고 사용하시는게 좋아요 테이크 란 굉장히 자료이기 때문에 스테이크의 에 주변에 다가 이렇게 장식하게 씁니다 후추도 살짝 케 포인트 롬은 내 이렇게 해서 오늘의 요리 안심스테이크 완성되었습니다 으 으 [음악] 여기 보시면 지금 레드 와인 레드 와인의 졸인 장 카 거랑 머스타드 를 살짝 올려 가지고 왜 먹어보도록 하겠습니다 [음악] 으 음 으 [음악] 뭔가 긋 않자 4 단 자네 끝판왕 는데 그 단 맛이 굉장히 고급스러움 단 맛이 5 레드 와인이 조여져 가지고 양파가 이렇게 볶은 그런 향도 나고 아 진짜 맛있어요 경우 다가 사이 발라야 될 퀘스트 케이크나 가지고 분파 팀도 사고 올리고 로즈마리를 좀 해 가지고 입에다 성 넣어야지 음 더한 놈 마스터 음 다 굉장히 오늘 찾아가면서 배다 못 봤거든요 [음악] 음 음 네온의 이렇게 안심스테이크 한번 만들어 봤는데요 앞으로도 더욱 더 맛있는 요리로 여러분들을 찾아뵙도록 하겠습니다 안녕하세요"
      },
      {
        "platform": "news",
        "title": "오늘은 소고기 - 한우 등심 세트 만들기(선물용) - YouTube",
        "url": "https://www.youtube.com/watch?v=N1b8uAaXFOw",
        "snippet": "# 오늘은 소고기 - 한우 등심 세트 만들기(선물용)\n## 육고기삼촌 정육TV\n4860 subscribers\n93 likes\n\n### Description\n24369 views\nPosted: 8 Oct 2019\n육고기삼촌 미트 플랜 마스터 전명준의 정육방송.\n거세 한우 1+등급으로\n한우 등심 세트를 만드는 영상입니다.\n많은 도움이 되었으면 합니다!\n#정육 #한우 #등심세트 #선물용 #선물세트 #정성가득 [...] 회원을 이렇게 한번 해보겠습니다 아 자료로 캐야 자 이제 병이 있는 10 엑트 4 매우 몰 차례인데요 잠 아무거나 있는 야채 가지고 하면 됩니다 자 어떻게 제안 보여드릴게요 브로컬리 랑 홍 꼬추와 푸코 추어 커터로 꼬추와 발광 보철을 가져왔습니다 [박수] 아 팥을 에어 파슬리 로케 틈틈이 이렇게 많이 며 오는데 지금 저희 매장에는 파슬리 가 없네요 자 그래서 브로콜리 러 한번 배워보도록 하겠습니다 [박수] [음악] [박수] [음악] [박수] [음악] [박수] [음악] [박수] [음악] [박수] [음악] 자 요렇게 컨트 미 야 요렇게 이쁘게 자매 어 가고 있습니다 [음악] [박수] 자 이렇게 텐트 미 브로콜리 로 잘 메워 같구요 자가지방 맺는데 자 험 꺼 줘 펌 코트 아 [음악] [박수] [음악] [박수] 아 아 아 [박수] [박수] [박수] 저런식으로 일단 디스플레 라 마무리하고 내편 한번씩 보도록 하겠습니다 탭핑 키우는게 최 아 아 아 한 방이야 아 과감하게 자 이고 선 많이 [...] 27 comments\n### Transcript:",
        "score": 0.10776589,
        "timestamp": "2025-11-29T02:23:03.606512",
        "raw_content": "# 오늘은 소고기 - 한우 등심 세트 만들기(선물용)\n## 육고기삼촌 정육TV\n4860 subscribers\n93 likes\n\n### Description\n24369 views\nPosted: 8 Oct 2019\n육고기삼촌 미트 플랜 마스터 전명준의 정육방송.\n거세 한우 1+등급으로\n한우 등심 세트를 만드는 영상입니다.\n많은 도움이 되었으면 합니다!\n#정육 #한우 #등심세트 #선물용 #선물세트 #정성가득\n\n27 comments\n### Transcript:\n으 으 으 아 자 이번에 작업할 거 승 자 1호 등 김 세트가 등심 혼합세트 자료원 자 냉장 세트라 만들어 볼텐데요 저거나 자 거세하는 등심 펌프입니다 1+ 어 응 힝 맨아래 체 맨 아래 처음이라 맥아를 차 제일 작은 겁니다 제작은 등 바구니 문체 자음으로 1.2 12키로 1.4 키로 사이 더 한번 만들어 볼게요 자정 중량 막 맞추기 힘들기 때문에 정량 안하고 mi 재미가 나옴 1 재미 1.3 나오길 점상 뭐 이런식으로 작업을 한번 해볼게요 아 아 아 top 5 자 육절기 작업으로 뭐 빠르고 쉽게 자 해보겠습니다 구민이 곰이 로 컷팅을 안 봐요 아 아 아 아 오오오 re 아 아 5 i 스펙을 무심하게 툭 반년도 커 아 아 아 아 아 아 아 아 아 [박수] [음악] 아 다행히 맞춰 가지고 [박수] 아 아 에러 개 차 원리입니다 자 선물 세트는 확실히 자 이뻐야 지자 가겠죠 근데 선으로 많이 범죄학 된다고 자 아 이쁘겠죠 전화로 많이 검색되면 하지만 고객에게는 굉장히 안 좋다는거 자 이렇게 자 기본 적으로 [음악] 실제 라고 [박수] [음악] 통일을 아 뭐 록 하겠습니다 [박수] [음악] 아 [박수] 아 아까 태 기 방 좀 있는 법원 [박수] [음악] 속지 망원 [박수] 일단은 안건 들을 2 때 좋은겁니다 아 좀 갔지 방 많은 부분들만 한번 턴을 간단하게 보고 있습니다 [음악] 퍽 이에 더 많이 칸은 말이냐면 공간 너덜 벌여 지니까 천냥 아 아 가랑 경험한 돼 주겠습니다 뭐 이제 1200g 에 아 자 여기다가 보기좋게 자 잘 배를 해야 되니까 자 몇장의 한번 해보도록 하겠습니다 2 as 9 짱이네요 아 자 아 자석 찜 아 접었을때 샀지만 2편 않은건가 살짝 거 다 줄게요 [박수] 아 아 아 [박수] 아 아 아 [박수] 아 아 자 여기서 이제 제일 중요한 게 나왔어요 아 50 그랑 아 자 50과 마찬가지고 올려볼게요 아 자 체 5차 세우 살러 아까 모자랑 펼침 엉 코더 냈던 거 어 제 3 우산 아 제 로케 자연스럽게 냐 마라 사건 입체 라 이렇게 한곳에 나와 회원을 이렇게 한번 해보겠습니다 아 자료로 캐야 자 이제 병이 있는 10 엑트 4 매우 몰 차례인데요 잠 아무거나 있는 야채 가지고 하면 됩니다 자 어떻게 제안 보여드릴게요 브로컬리 랑 홍 꼬추와 푸코 추어 커터로 꼬추와 발광 보철을 가져왔습니다 [박수] 아 팥을 에어 파슬리 로케 틈틈이 이렇게 많이 며 오는데 지금 저희 매장에는 파슬리 가 없네요 자 그래서 브로콜리 러 한번 배워보도록 하겠습니다 [박수] [음악] [박수] [음악] [박수] [음악] [박수] [음악] [박수] [음악] [박수] [음악] 자 요렇게 컨트 미 야 요렇게 이쁘게 자매 어 가고 있습니다 [음악] [박수] 자 이렇게 텐트 미 브로콜리 로 잘 메워 같구요 자가지방 맺는데 자 험 꺼 줘 펌 코트 아 [음악] [박수] [음악] [박수] 아 아 아 [박수] [박수] [박수] 저런식으로 일단 디스플레 라 마무리하고 내편 한번씩 보도록 하겠습니다 탭핑 키우는게 최 아 아 아 한 방이야 아 과감하게 자 이고 선 많이 놀리며 모양이 더 많아지니까 자만이 눌리지 않게 3 닥마 그러니까 아 한번만 래핑 1 한 모습입니다 아 마지마 [박수] 이렇게 명품 스티커 러 자 마무리 전류로 하겠습니다 자 명품 스틱 걸어 이렇게 아 이쁘게 마무리 했습니다 자 여기에 머더 하며 스티커를 붙여도 되고 뭐 이 디스플레이는 작업하는 사람 마음입니다 그 어떻게 작업을 하던 자기 작품이라고 생각하면 어떤 뭐 형태를 된지 방법은 굳이 필요 없겠죠 하지만 규칙적인 배열 과 어 규칙적인 간격 제어 거만 전반 좀 더 지켜 준다면 이쁜 디스플레이를 하실 수 있을 거야 뭐 더 이쁘게 많이 만들 수 있겠죠 으 으 으 [음악] 222 [박수] [음악] be a"
      },
      {
        "platform": "news",
        "title": "200원이면 잇몸으로 고기를 씹을수있습니다 연육제 vs 과일 - YouTube",
        "url": "https://www.youtube.com/watch?v=9wnlE9fOQ7Y",
        "snippet": "스테이크 소스 만들기\n1.포도주스 한컵 240ml 넣어주세요 그리고 불을 켜주세요\n2.A1 소스 2TB 넣어주세요(우스타소스대체가능)\n3.설탕 2TB 넣어주세요\n4.미원 1ml 넣어주세요\n5.케찹 2TB 넣어주고\n6.4~5분 끓여주세요\n\n아하부장의 목천해물화짬뽕 가맹문의 홈페이지 :  아하팀장 01084894640\n\n아하부장의 야심작 얼큰순대국밥 [국밥킹] 가맹문의 :  \n아하팀장 : 01084894640\n\n아하부장의 경주 우두갈비 가맹문의 블로그 : \n\n1. 천안 두정동에 해물화짬뽕 제가 하는 가게 입니다 1인석 준비되어있으니 놀러오세요 :)\n주소 : 천안시 서북구 원두정7길 17 1층\n\n화짬뽕 가맹점들도\n청주동남지구점, 대구시지점,대구성서점,여수직영점,천안두정점,목천본점,청주오창점,서현역점,성남성남점, 많이 사랑해 주세요\n\n경주우두갈비 특국밥 3만원이상 무료배송!!! 아하부장이 직접 끓인 특국밥 레시피 꼭 드셔보세요 구매 페이지 : [...] 누가 지구 길을 만약에 비교를 해보자면 일단 아니 세나가 기 먹는걸 해놔서 그런지 전혀 물기 같은걸 일도 생기지 않았어요 두 가지를 그냥 육안으로 이렇게 확인 해 보자면 뭐 별반 차이가 없어요 그리고 얘기가 반지만 지령에 흐르는 느낌이 오늘 은 렌지 이런 애로 곳부터 주물 편 같은 것 한번 써보고 싶다 열이 잘 안 내려가 그래서 국민대 쪽 유리한 것 맞습니다 중요한 원 무슨 고기구이 하듯이 그냥 그냐 저는 그건 아니에요 시작함 나 무조건 기름이 있어야 되고 기름을 심지어 넉넉해야 대차 직 용녀 1 2 2 kv 플레이어 계신가 그 한 이씨는 준비한 않아요 스테이크 없네 으 했어요 많은 한국인 답게 많은 것도 심지어 100g 이것만 있으세요 욕망의 버터 100g 깨끗하며 는 이정도네요 하셔도 상관없습니다 그거는 제가 하면서 말씀드릴께요 마늘은 그냥 넣으셔도 되지만 그러면은 안에 까지 완벽하게 는 그런 마늘이 안나오기 때문에 작은 애들 요런 애들은 좀 빼시고 그냥 누르세요 이거 다지지 [...] 싶을때 하시면 되는데 저는 그냥 봄 하다 그냥 이렇게 더 도 전혀 문제가 없다 생각하니 다르기 때문에 요대로 놓고 기다리겠습니다 스테이크는 원래 이렇게 피어 게임 음식은 아니기 때문에 지금 너무너무 뭐 맛은 있겠죠 지금 이 국물은 버리지 않고 의 물이 아니고 기름 이지 뭐 이 기름을 여기다 잠깐 따라가겠습니다 쓸 때가 있어요 그리고 하늘 딱지 않고 그냥 그대로 여기다 이제 와인도 놓고 모드도 구해야 될 타이밍이 때문에 자 붙 어 주 세 요 아이는 무슨 그냥 포도주스 쪽도 아니 안 하고 조금 말하겠습니까 기억하셔야 되는건 와인더 점프 도약 결과물에 차이가 그렇게 다르지 않아 3컵 넣겠습니다 그리고 브롤린 서 끓이세요 두번째 여기다가 a1 58 있으면 그냥 오스터 넣으셔도 되요 이제 않다 고 1 테이블 스푼 넣어 줍니다 좀 강하게 아까 밑에 밑은 넣겠습니다 2tv 당연히 절대 빠져선 안되는 거 설탕은 너의 느낀 적 해준다 1 2 1대 1로 넣어줍니다 얼마나 끓여야 하는지 모르지 분들도",
        "score": 0.09067929,
        "timestamp": "2025-11-29T02:23:03.606515",
        "raw_content": "# 200원이면 잇몸으로 고기를 씹을수있습니다 연육제 vs 과일\n## 아하부장_JOHNCOOK\n662000 subscribers\n2623 likes\n\n### Description\n227375 views\nPosted: 15 Sep 2021\n#스테이크 #스테이크소스 #스테이크굽기\n\n스테이크 만들기\n레시피\n\n1.목심 한근 600g을 반으로 나눠주세요\n2.시즈닝하는 부분:가운데 부분을 끈으로 살짝 묶어주세요\n   후추 듬뿍 뿌려주세요,소금 1t 정도 뿌려주세요\n   연육하는 부분:후추 듬뿍 뿌려주세요 소금 1t 정도 뿌려주세요\n   연육제를 1/2TB 넣어주세요\n그리고 문질문질 해주세요\n(숙성 선택 사항)\n3.후라이팬에 기름 2TB 넣어주고 불을 올려주세요\n4.가니쉬할 마늘 100g 준비해서 작은 애들은 골라서 빼주고, 나머지 애들은 칼틍으로 눌러주세요\n5.버터 100g 준비해주세요\n6.기름에 마늘 조각 하나를 넣어보고 부글부글 끓는거 같으면\n   고기를 올려주세요\n7.앞,뒤 총 5번 40초 구워주세요 (3번째 타이밍때 마늘&버터를 넣어주세요)\n   옆면도 총 40초 구워주세요\n8.마무리 레스팅 해주세요\n\n스테이크 소스 만들기\n1.포도주스 한컵 240ml 넣어주세요 그리고 불을 켜주세요\n2.A1 소스 2TB 넣어주세요(우스타소스대체가능)\n3.설탕 2TB 넣어주세요\n4.미원 1ml 넣어주세요\n5.케찹 2TB 넣어주고\n6.4~5분 끓여주세요\n\n아하부장의 목천해물화짬뽕 가맹문의 홈페이지 : https://xn--392b08emxll3lb6a.com/ 아하팀장 01084894640\n\n아하부장의 야심작 얼큰순대국밥 [국밥킹] 가맹문의 : https://url.kr/vwoai4 \n아하팀장 : 01084894640\n\n아하부장의 경주 우두갈비 가맹문의 블로그 : \nhttps://lrl.kr/fLSV\n\n1. 천안 두정동에 해물화짬뽕 제가 하는 가게 입니다 1인석 준비되어있으니 놀러오세요 :)\n주소 : 천안시 서북구 원두정7길 17 1층\n\n화짬뽕 가맹점들도\n청주동남지구점, 대구시지점,대구성서점,여수직영점,천안두정점,목천본점,청주오창점,서현역점,성남성남점, 많이 사랑해 주세요\n\n경주우두갈비 특국밥 3만원이상 무료배송!!! 아하부장이 직접 끓인 특국밥 레시피 꼭 드셔보세요 구매 페이지 : https://naver.me/xUFNwDRz\n\n여러분의 요리가 즐거웠으면 좋겠습니다 갑니다\n\n213 comments\n### Transcript:\n이 정도의 부드러운 거품이 라면 꽃등심 뭐 이런거 안 먹어도 충분히 만족하실 것 같아요 tool [음악] 중요한 요나 부상 이번 영상에서는 체크인 다 어떻게 하면 좋은 고기를 싸게 연육 에 대한 비밀까지 만나보겠습니다 여러분의 치석이 쉬고 있으면 좋겠습니다 바로 시작해 보겠습니다 자 제가 제일 먼저 간단하게 한번 해보겠습니다 1 튜브를 굉장히 저렴하게 즐길 수 있는 방법 스테이크용 고기는 따로 있다 제가 원래 잇몸으로 드시고 시킨 스테이크 만들어 되겠습니다 심지어 부위도 안심도 아니고 굉장히 부드러운 꽃등심 이런 것도 아니에요 소고기로 수유 캤던 바로 맥심 입니다 몫이 목숨은 기본적으로 좀 질리기 때문에 제가 확실하게 비교해 드릴게요 과연 1 루트 풀의 다가 이렇게 뭐 마블링 좀 들어가 있고 걸로 무조건 맛있고 부들부들 할까 그렇게 생각하지 않습니다 우리에게는 약간의 야 매어 편법 기술이 필요합니다 별거 없어요 얘가 지금 젊게 가 4.5 3 해 줍니다 이 두 푼 걸로 욕망의 스테이크 하시고 이제 이건 600 가흥 그리고 저는 이렇게 가운데를 잘라서 안으로 두가지 이런걸 아기요 왜 보여드려야 되니까 훨씬 더 들어갔고 요런 v 노블이 값이 더 책 읽어라 고 눈으로 봐도 얘기해 주고 있잖아요 부위를 가지고 비교를 물어보겠습니다 얘는 상대적으로 이 지방 들의 좀 갖고 있기 때문에 부드럽고 같은데 얘들 맞지만 에폭시 및 어구 있겠습니다 장애는 시즈닝 말에 적어볼게요 두가지 완벽하게 비교해서 발사 그러면 먹는건가 해보겠습니다 캐드 표 2의 지방만 살짝 아니겠습니다 이건 안 날려도 상관없어요 두 가지를 먼저 보여드리겠습니다 연율 헬로 여력을 아날로그 이거 좀 예쁘게 잡을려고 가운데를 이렇게 두툼한 하면 잡아서 키키 난 한번 묶어 줄 때 때려죽여도 하지 말아야 되는 거 잘 보셔야 되요 예쁘게 모양을 잡고 싶으니까 박당 있는 곳까지 나중에 국회 조절도 안되고 가운데 피가 멈춰요 그래서 어떤 식으로 구워도 가운데는 색 빨강 고개를 만날 수 밖에 없게 됩니다 절대 이렇게 먹지 마시고 모양이 예가 어찌 베고 깊어 질 거니까 그냥 시기 까만 나는 정도 살짝 미세하게 좋을 정도로 이렇게 한번 묶어 줍니다 양쪽으로 못 볼 필요가 없습니다 한쪽만 이렇게 묶어주면 된다 고요 모양을 웬만큼 살릴 수가 있다 이 거기라 키 팬 이 거고 중요한 굽는 거 하고 지금 이런 물이 대상을 때 연율 정의 하는 방법 알려드리겠습니다 테이크 같은거는 맛은 2 회 추하고 소금이 좌우를 하는데 양이 중요합니다 고기가 워낙 두껍기 때문에 얇게 하실거면 적당히 뿌리면 되는데 두꺼운 때는 거의 뭐 첫 8천원 하다시피 그렇게 발라줘야 해요 그게 저는 원래 부추의 루치 인간이기 때문에 그냥 점 참고하셨으면 좋겠습니다 양쪽 거다 기본적으로 좋아하실 맛 보셨나요 아무리 타도 앞에 소리만 그분 었으니까 펠리시아 재생의 조금 계실 때 없이 에 가동한 비싼 이런 없겠습니다 4만 잎을 어휘 제가 볼 때 한 면 다 1 키스 품종 독서는 이렇게 와일드하게 좀 짭짤하고 막 이런거 좋아해 가지고 특히 다 이 곡이 4 그려달라고 생각해 나중에 소스 없이 보일 것 같아서 오늘은 소스까지 만들 거죠 위에도 한번씩 문질러 주시고 바닥에 붙어 있는데 바닥에 붙어 있는 얘는 거다 이렇게 깔끔하게 쳐주세요 양쪽다 문제만큼은 질렀어 반대편은 한쪽에 소금이 안고 계신 것 같은데 어디니 모르겠어요 까먹었어 육안으로 확인이 안돼 조금을 어쨌든 조금 더 뿌려 주겠습니까 이러면 준비가 끝이 다 네 맞습니다 맞지만 아니에요 오른쪽에는 연휴 기간을 할 거잖아 역시 잔뜩 붙여 이내로 예를 영역을 할 때 자 설태는 보여주지 않습니다 플로팅 프로 tg 이런식으로 되게 많아요 이렇게 연육 작용을 하는데 이게 식물성 으로 만들어 졌고 이건 뭐 이런 것들이 많은 뭔가 그 튀게 향기 라든가 이렇게나 있는 나갔나 그런게 거의 없어요 너무 많이 뚫는 공간 놈을 정도니까 어차피 방송에서 실험으로 손님 애기를 거 아니까 아 스퀘어 2분의 갱 스폰 보기 모든 열에 다가 사면 에다가 다 같이 해서 보기 300g 에 양의 다가 뿌렸습니다 이렇게 요렇게 아이의 눈처럼 좀더 핑계 대고 나머지 밑에 있는 것도 좀 이렇게 하고 양쪽 옆에 답은 질러 문질러 저는 이게 숙성 기간이 필요하기 때문에 얘도 그렇고 얘도 그렇고 습성을 하겠습니다 얜 숙성 원래 필요 없죠 그냥 바로 먹어도 되는데 소금 5g 로 풀어보는 아무래도 아내는 026 쭉 같이 빠져 나오시기 때문에 저는 이렇게 제 되신 분들은 그냥 지금 구워 먹는게 더 좋다 라고 생각을 하는 그런 편입니다 하지만 얘랑 같이 보려고 하루를 모시겠습니다 어떻게 묶일 거냐 이런거는 전혀 p 업무 작업 이니까 안하셔도 돼요 그냥 저는 혹시 여기서 이제 욕심이 더 빠지면 바 당의 고인 62 예매 애들을 좀 그렇게 만들어 읽기가 뭔지 모르지만 온 케어 소 죠죠 오른쪽 자 이렇게 해서 그냥 분 다리만 위에다가 래피 해가지고 24시간은 안해봤는데 해볼라고 아참 번 해봅시다 얼마나 부드러워지고 말씀드릴 여인으로 확인해보겠습니다 [음악] 말씀드렸던 대로 하루에 연 6시간이 끝났고 누가 지구 길을 만약에 비교를 해보자면 일단 아니 세나가 기 먹는걸 해놔서 그런지 전혀 물기 같은걸 일도 생기지 않았어요 두 가지를 그냥 육안으로 이렇게 확인 해 보자면 뭐 별반 차이가 없어요 그리고 얘기가 반지만 지령에 흐르는 느낌이 오늘 은 렌지 이런 애로 곳부터 주물 편 같은 것 한번 써보고 싶다 열이 잘 안 내려가 그래서 국민대 쪽 유리한 것 맞습니다 중요한 원 무슨 고기구이 하듯이 그냥 그냐 저는 그건 아니에요 시작함 나 무조건 기름이 있어야 되고 기름을 심지어 넉넉해야 대차 직 용녀 1 2 2 kv 플레이어 계신가 그 한 이씨는 준비한 않아요 스테이크 없네 으 했어요 많은 한국인 답게 많은 것도 심지어 100g 이것만 있으세요 욕망의 버터 100g 깨끗하며 는 이정도네요 하셔도 상관없습니다 그거는 제가 하면서 말씀드릴께요 마늘은 그냥 넣으셔도 되지만 그러면은 안에 까지 완벽하게 는 그런 마늘이 안나오기 때문에 작은 애들 요런 애들은 좀 빼시고 그냥 누르세요 이거 다지지 마시고 그냥 칼 벼루 한번 꾹 눌러서 이렇게 부셔 준다 아가 풀어보겠습니다 그렇게 했습니다 a 얼 같은게 조금 필요하긴 하죠 또 그걸 어떻게 우리가 이해하기 되는지 안 되는지 확인을 할 수 있느냐 그냥 만에 부셔 놓은 거 하나 너무 새 넣어 놓으시면 은 수분이 많은 해갖고 시군 입고 나을 그런데 든 그때쯤에 그냥 넣으시면 되는데 저는 타이머를 좀 맞추고 하겠습니다 저는 4 10초마다 멋이 뒤집을 거에요 고기는 자주 뒤집어야 맛있다 제가 원하는 정도의 굵기 정도 는 미디움 레어 정도인데 더 커 보겠습니다 얘를 영역을 안하고 실무 끝냅니다 집어넣고 얘는 여기 칸에 같이 넣겠습니다 넣었으면 하니 머리 맞춰놓고 중 포래즈 조금 더 3개 이정도로 바꿔 줍니다 그래서 는 열이 그렇게 팍 팍 떨어지거나 하는 애가 아니라서 신분이 여러분들이 원하는 결과를 만들어 낼 수 있을 거에요 저희 담 하니까 사이 머물면 20 호 1구 타일러 맞춰줍니다 다인가 그렇지만 다시 9 아직 되지 뭐 그러면 첫 번째 그 어떤 면이 40 거지 겠죠 여기 한번 먹고 밑에는 지금 두번째 굽는 거예요 매드 2번까지 굳게 습니다 그 다음에 다른 작업을 다시 하겠습니다 부끄러운 걸을 이념에서 아까 너 얻었던 마늘은 너무 타니까 다 빼버리고 제타 2 놀면 다시 양쪽으로 두 번씩 구어진 뭐냐 이렇게 되면 4 그렇다면 이렇게 조금 거기는 한번 채 올게요 세워두고 타이머 맞추고 사십시오 자 여우 없으면 다시 그 반대편으로 양 꺼번에 이렇게 기어코 40초 모르 소리 안 했던 싸이 겠죠 이렇게 태워서 40초 항구가 온리 시작하면 마지막으로 반대편 자식 초 자오 루스한 그럼 묻혀주세요 원래 부었던 부위들은 한번씩 만 더 일단 뵙겠습니다 이제 끝인 아니에요 얘는 역할에 대해 연휴 칸에 가 똑같은 팬에서 똑같은 의도에서 구이가 도 연휴 글 하나는 겉에 가 조금 더 까맣게 탄 느낌이 있습니다 그런부분이 좀 차이가 인것은 부어 질 달 연속 제가 탄허 가짜 다시 총 양쪽으로 3번씩 돌려서 하게 된것이 때문에 3번 씨의 충분합니다 이대로 4초 로 끝나고 다음 작업자 타이머가 걸었으면 뒤집으면서 뒤집으면서 지금에 와서야 준비하셨던 마늘 그냥 기본 어디다 그리고 벗어 그냥 발 g 넣어주세요 만약에 버터가 상원 해 있지 않고 냉장고에 있었던 거나 냉동실에 있었던 것은 바로 세워 해준다는 8 운도 가프 떨어질 거예요 그런 부분은 꼭 염두 하시고 40초 가 됐으면 사실 뒤집어 뒤집어 40초 다시 글로브 4초 마다 멋이 2 있는걸로 위에 달아 요런거 그거 베이스 2위에 락 현재 주는거 이거를 꼭 해야되는 이유 난 저는 없다 그냥 기본 자마 남들 다 하니까 그리고 다시 탈 멀 되짚고 4번정도 c 구워지고 있는 것 같은데 만남 그럴 거 같아요 마지막 다섯번째 양쪽으로 5번씩 한 건강 5번은 기억하시면 될 것입니다 2 이제 끝내고 기다림의 시간이 필요하죠 list 아 * 꺼주고 근데 1s 이란에게 이제 여기다가 뭐 호일로 덮어 주고 그 안에 밑에다가 기름 받으시는 망에 다 바친 사람 했고 정답을 없는거니까 하시고 싶을때 하시면 되는데 저는 그냥 봄 하다 그냥 이렇게 더 도 전혀 문제가 없다 생각하니 다르기 때문에 요대로 놓고 기다리겠습니다 스테이크는 원래 이렇게 피어 게임 음식은 아니기 때문에 지금 너무너무 뭐 맛은 있겠죠 지금 이 국물은 버리지 않고 의 물이 아니고 기름 이지 뭐 이 기름을 여기다 잠깐 따라가겠습니다 쓸 때가 있어요 그리고 하늘 딱지 않고 그냥 그대로 여기다 이제 와인도 놓고 모드도 구해야 될 타이밍이 때문에 자 붙 어 주 세 요 아이는 무슨 그냥 포도주스 쪽도 아니 안 하고 조금 말하겠습니까 기억하셔야 되는건 와인더 점프 도약 결과물에 차이가 그렇게 다르지 않아 3컵 넣겠습니다 그리고 브롤린 서 끓이세요 두번째 여기다가 a1 58 있으면 그냥 오스터 넣으셔도 되요 이제 않다 고 1 테이블 스푼 넣어 줍니다 좀 강하게 아까 밑에 밑은 넣겠습니다 2tv 당연히 절대 빠져선 안되는 거 설탕은 너의 느낀 적 해준다 1 2 1대 1로 넣어줍니다 얼마나 끓여야 하는지 모르지 분들도 계시니까 제가 아예 여기다가 사보 치로 이렇게 맞춰놓고 얼마나 그려야지 이게 좋아지고 소수 하게 되는지 끝까지 같이 받을게요 여기다가 이제 아무 장사 함께 마법의 백색가루 2월입니다 감시 맞을 넣어줄 거에요 진짜 카우 담에 1미리 플라토 페이스트를 넣어 주고 싶은데 어딘지 발이 달려 없어서 케찹 있는 것은 거죠 2개 넣어준다 거품이 더 많아지고 좀 자글자글 해주는 게 보이시나요 지금 사실 아까 내내 저는 먼저 버렸으니까 3분에서 5분 그러나 것 같습니다 맛만 살짝 찍어서 상회할 무슨 비싼 와인을 넣고 졸여 낸 것 같은 그런 맛입니다 자 이정도 양에 이런 소스가 나온다 이렇게 자 두가지의 고기를 자르면서 한번 비교를 해보겠습니다 이 아이는 지금 연휴 글 안 한 곡이 색감 되게 진하게 보이는 지금 타고 나 그런거 아니거든요 근데 그렇게 오해할 수 있겠지만 되게 맛이 만 딱 좋은 그런 정도의 굽기 에요 제가 볼때는 연율 하나입니다 얘는 조금 탕 느낌이 좀 있어요 뒤 양원 연역 제가 얼마나 위대한 지에 대해서 썰어 보자면 이해가 이제 진짜로 연행을 했으니까 부드러운 제 양쪽 걸로 1번에서 비교해 보는 뭐 보자면 가운데 쪽까지 그렇게 피가 그렇게 뭐 뭉침없이 골고루 정체 정도로 분홍색으로 변해 있고 샤리 얼마나 부드러워져 든지 그렇게 궁금해서요 안쪽을 해서 약간 닫기 느낌으로 약간 조금이나 답게 이런거 이루어진 나온 축제 아시겠지 이 녹아요 씹는 맛이 있으면서 부드러 벨크로로 이렇게 좋은 고기가 아님에도 불구하고 진짜 맛있다 이거 괜찮아요 그럼 이해 한번 따져 오겠습니다 이거 7 묶으면 은 모양 하죠 이론으로 솔직히 조금 더 잘 잡혀요 얘는 이렇게 짧아 보면은 여긴 약간 더 9 동작되지 있어서 이 씰이 확실히 묶어 놓으면 은 이런 작용을 하는 거죠 얘랑 완전히 달라져 예안 이넘을 얘는 먹기 싫어 인 고기도 아닌데 얘는 진짜 별로야 이 안먹을 이걸로 접시 하나 보겠습니다 연육 재능 학생 효과가 있는걸로 얼른 좋겠습니다 소스는 어떤 맛일까 요새 나가 그냥 이대로 그냥 한번 찍어서 와일드하게 이렇게 많냐 말사 역시 소싱 다냐 달콤한 맛의 별로 안 좋아한다 며 는 설탕 2개 내지 말고 1개만 넣으시면 될거 같습니다 이 방법에서 호불호가 좀 생길 수 있는데 마차는 총 난 말이야 제가 마지막으로 하고 싶었던 나스 오신 거 아냐 그러다가 딱 맞춰 보리스 소스 없인 못살아 아 이거 괜히 왜 올리진 우리의 떴 왼쪽에 나온 지겠죠 이렇게 그리고 마지막으로 저같으면 029 어떻게 버터 기름 은 그냥 여기다가 쭉 이렇게 된거 만화 같은거 좀 예쁘고 있으며 는 자 이제 맛이 어떤지 간단하게 말씀을 드리고자 마무리하겠습니다 이렇게 담아 갖고 마셨더니 간단하게 말씀 드리고 요상 마무리 하겠습니다 자 저는 앤 라이프 do 토크도 없으니까 왜 이 집엔 업소 같이 뭐가 저도 기분이 later 게재했습니다 마늘 마늘은 번 조금 맛있겠죠 그냥 마늘 진짜 맛있어요 마늘 등의 말이 딱 역시 한국인은 말이야 지금이 수세가 듬뿍 찍어서 소재라 가야 어울려 얘기 아니고 체크까지 구해놓고 매점을 이를 말이든 먹었습니다 음 고민을 맛있어 진짜 맛있네요 1월에 부드러움과 핑 이라면 꽃등 신 모 이런거 안 먹어도 충분히 만족하실 것 같아요 결론적으로 10 입은 굉장한 욕구가 있다 두 가지를 비교했을 때 연임을 한거랑 영역을 하지 않은 거라면 않은 것을 손도 안 가더라구요 상수원 요리를 하게되면 이번 영상도 많은 분들이 보셨나요 김치찌개 된장찌개 아니면 아쉬움도 가 낮은 건 당연 하니까 그래서 김치찌개에 100종 요 제가 여태까지 해왔던 것 그 바로 된장찌개랑 백동 이러고 해보겠습니다 여러분의 요리가 즐거웠으면 좋겠습니다 합니다 예 [음악]"
      },
      {
        "platform": "news",
        "title": "한우불고기 무한리필",
        "url": "https://www.tiktok.com/discover/%ED%95%9C%EC%9A%B0%EB%B6%88%EA%B3%A0%EA%B8%B0-%EB%AC%B4%ED%95%9C%EB%A6%AC%ED%95%84",
        "snippet": "마지막엔 볶음밥까지!! ... 양념한우불고기는 1kg 한 팩 구성인데요. 포장 열어보시면 500g씩 소분이 되어 있습니다. 버섯과 야채만 추가하서서 푸짐하게 드실 수 있어요.",
        "score": 0.08513723,
        "timestamp": "2025-11-29T02:23:03.606519",
        "raw_content": null
      },
      {
        "platform": "news",
        "title": "서울 소고기 어느부위든 9900원",
        "url": "https://www.tiktok.com/discover/%EC%84%9C%EC%9A%B8-%EC%86%8C%EA%B3%A0%EA%B8%B0-%EC%96%B4%EB%8A%90%EB%B6%80%EC%9C%84%EB%93%A0-9900%EC%9B%90",
        "snippet": "[저장필수] 그냥 소고기 아니고 한우가 9900원‼️ 매일 달라지는 한우세트를 우마카세 처럼 먹을수 있는 가성비 소고기집~",
        "score": 0.067528374,
        "timestamp": "2025-11-29T02:23:03.606522",
        "raw_content": null
      },
      {
        "platform": "news",
        "title": "구이용 소고기 부위 추천",
        "url": "https://www.tiktok.com/discover/%EA%B5%AC%EC%9D%B4%EC%9A%A9-%EC%86%8C%EA%B3%A0%EA%B8%B0-%EB%B6%80%EC%9C%84-%EC%B6%94%EC%B2%9C",
        "snippet": "1. 부챗살은 한입 크기로 썰고 소금, 후추로 밑간한 뒤 계란 흰자 + 전분 + 식용유를 섞은 반죽에 버무려 10분 숙성 · 2. 팬에 기름 넉넉히 두르고 센불에서 핏기가 사라질",
        "score": 0.063163914,
        "timestamp": "2025-11-29T02:23:03.606526",
        "raw_content": null
      },
      {
        "platform": "news",
        "title": "서울 3대 라면 맛집, 치즈라면과 짬뽕라면",
        "url": "https://www.tiktok.com/@fooditor/video/7367283358340009234",
        "snippet": "Image 2: 한 그릇에 5000원인 라면이라는데 드디어 서울 3대 라면 중 한 곳 다녀왔습니다 백종원의 3대 천왕에도 나오고 최근에는 풍자또간집에서 소개됐다네요? 뚝배기에 펄펄 끓여주는 짬뽕라면으로 유명한데 이 날은 속이 좀 쓰려서 치즈라면으로 결정,,! 치즈 추가해서 먹었는데 오.. 완전 맛있습니다 뭔가 간이 잘 맞아서 면을 다 먹은다음 국물이 아까워서 밥을 말게 되네요,, 시원 칼칼하니 해장으로도 딱일 거 같아서 술 먹은 다음날 또 생각날 거 같았습니다! 🤍같이 가고싶은 친구 ’태그‘ 혹은 ’공유‘ 🤍기억해두고 싶은 맛집이라면 ‘저장’ 🤍컨텐츠가 마음에 드셨다면 ’좋아요‘ 📍경춘자의라면땡기는날 ▪️서울 종로구 율곡로3길 82 ▪️짬뽕라면(5,500원) ▪️치즈라면(5,000원) #라면 #안국맛집 #분식 \n\n1691\n\n24\n\n16\n\n00:01 / 00:27\n\nImage 3fooditor 푸디터 fooditor · 2024-5-10\n\nFollow\n\nmore [...] 한 그릇에 5000원인 라면이라는데\n\n드디어\n\n서울 3대 라면 중 한 곳 다녀왔습니다\n\n백종원의 3대 천왕에도 나오고\n\n최근에는 풍자또간집에서 소개됐다네요?\n\n뚝배기에 펄펄 끓여주는 짬뽕라면으로 유명한데\n\n이 날은 속이 좀 쓰려서 치즈라면으로 결정,,!\n\n치즈 추가해서 먹었는데 오.. 완전 맛있습니다\n\n뭔가 간이 잘 맞아서 면을 다 먹은다음\n\n국물이 아까워서 밥을 말게 되네요,,\n\n시원 칼칼하니 해장으로도 딱일 거 같아서\n\n술 먹은 다음날 또 생각날 거 같았습니다!\n\n🤍같이 가고싶은 친구 ’태그‘ 혹은 ’공유‘\n\n🤍기억해두고 싶은 맛집이라면 ‘저장’\n\n🤍컨텐츠가 마음에 드셨다면 ’좋아요‘\n\n📍경춘자의라면땡기는날\n\n▪️서울 종로구 율곡로3길 82\n\n▪️짬뽕라면(5,500원)\n\n▪️치즈라면(5,000원)\n\n#라면#안국맛집#분식\n\nSee translation\n\n#### 오리지널 사운드 - 푸디터 fooditor\n\nAnguk Station · Jongno-gu\n\n1 comment [...] 서울 3대 라면 맛집, 치즈라면과 짬뽕라면 | TikTok\n\n1.      #### TikTok Shop is now available on web!\n\nBrowse your favorite items.      \n\nTikTok\n\nLog in\n\nTikTok\n\nSearch\n\nFor You\n\nShop\n\nExplore\n\nFollowing\n\nLIVE\n\nUpload\n\nProfile\n\nMore\n\nLog in\n\n#### Company\n\n#### Program\n\n#### Terms & Policies\n\n© 2025 TikTok\n\nImage 1",
        "score": 0.061791133,
        "timestamp": "2025-11-29T02:23:03.606529",
        "raw_content": "서울 3대 라면 맛집, 치즈라면과 짬뽕라면 | TikTok\n\n===============\n\n1.      #### TikTok Shop is now available on web!\n\nBrowse your favorite items.      \n\n[**TikTok**](https://www.tiktok.com/)\n\nLog in\n\n[**TikTok**](https://www.tiktok.com/)\n\nSearch\n\n[For You](https://www.tiktok.com/)\n\n[Shop](https://www.tiktok.com/shop)\n\n[Explore](https://www.tiktok.com/explore)\n\n[Following](https://www.tiktok.com/following)\n\n[LIVE](https://www.tiktok.com/live)\n\n[Upload](https://www.tiktok.com/tiktokstudio/upload?from=webapp)\n\n[Profile](https://www.tiktok.com/@)\n\nMore\n\nLog in\n\n#### Company\n\n#### Program\n\n#### Terms & Policies\n\n© 2025 TikTok\n\n![Image 1](https://lf16-tiktok-web.tiktokcdn-us.com/obj/tiktok-web-tx/tiktok/webapp/main/react-v17/webapp-desktop/static/image/tiktok-loading.989928f2.gif)\n\n![Image 2: 한 그릇에 5000원인 라면이라는데 드디어 서울 3대 라면 중 한 곳 다녀왔습니다 백종원의 3대 천왕에도 나오고 최근에는 풍자또간집에서 소개됐다네요? 뚝배기에 펄펄 끓여주는 짬뽕라면으로 유명한데 이 날은 속이 좀 쓰려서 치즈라면으로 결정,,! 치즈 추가해서 먹었는데 오.. 완전 맛있습니다 뭔가 간이 잘 맞아서 면을 다 먹은다음 국물이 아까워서 밥을 말게 되네요,, 시원 칼칼하니 해장으로도 딱일 거 같아서 술 먹은 다음날 또 생각날 거 같았습니다! 🤍같이 가고싶은 친구 ’태그‘ 혹은 ’공유‘ 🤍기억해두고 싶은 맛집이라면 ‘저장’ 🤍컨텐츠가 마음에 드셨다면 ’좋아요‘ 📍경춘자의라면땡기는날 ▪️서울 종로구 율곡로3길 82 ▪️짬뽕라면(5,500원) ▪️치즈라면(5,000원) #라면 #안국맛집 #분식 ](https://p16-common-sign.tiktokcdn-us.com/tos-alisg-p-0037/8fbdcb06b8144a9899b5bb427eff7169_1715329333~tplv-tiktokx-origin.image?dr=9636&x-expires=1764522000&x-signature=55%2FFS7GOE%2BExv7tszmmpK2rE9GI%3D&t=4d5b0474&ps=13740610&shp=81f88b70&shcp=43f4a2f9&idc=useast8)\n\n**169****1**\n\n**24**\n\n**16**\n\n00:01 / 00:27\n\n[![Image 3](https://p16-common-sign.tiktokcdn-us.com/tos-alisg-avt-0068/d0d0b804c79afe16e20d11f5d49e3b41~tplv-tiktokx-cropcenter:100:100.jpeg?dr=9640&refresh_token=f6b246b2&x-expires=1764522000&x-signature=EIxhy5D7MRpyT9MS2ZRl%2B6N77Gk%3D&t=4d5b0474&ps=13740610&shp=a5d48078&shcp=81f88b70&idc=useast8)](https://www.tiktok.com/@fooditor)[fooditor 푸디터 fooditor · 2024-5-10](https://www.tiktok.com/@fooditor)\n\nFollow\n\nmore\n\n한 그릇에 5000원인 라면이라는데\n\n드디어\n\n서울 3대 라면 중 한 곳 다녀왔습니다\n\n백종원의 3대 천왕에도 나오고\n\n최근에는 풍자또간집에서 소개됐다네요?\n\n뚝배기에 펄펄 끓여주는 짬뽕라면으로 유명한데\n\n이 날은 속이 좀 쓰려서 치즈라면으로 결정,,!\n\n치즈 추가해서 먹었는데 오.. 완전 맛있습니다\n\n뭔가 간이 잘 맞아서 면을 다 먹은다음\n\n국물이 아까워서 밥을 말게 되네요,,\n\n시원 칼칼하니 해장으로도 딱일 거 같아서\n\n술 먹은 다음날 또 생각날 거 같았습니다!\n\n🤍같이 가고싶은 친구 ’태그‘ 혹은 ’공유‘\n\n🤍기억해두고 싶은 맛집이라면 ‘저장’\n\n🤍컨텐츠가 마음에 드셨다면 ’좋아요‘\n\n📍경춘자의라면땡기는날\n\n▪️서울 종로구 율곡로3길 82\n\n▪️짬뽕라면(5,500원)\n\n▪️치즈라면(5,000원)\n\n[**#라면**](https://www.tiktok.com/tag/%EB%9D%BC%EB%A9%B4)[**#안국맛집**](https://www.tiktok.com/tag/%EC%95%88%EA%B5%AD%EB%A7%9B%EC%A7%91)[**#분식**](https://www.tiktok.com/tag/%EB%B6%84%EC%8B%9D)\n\nSee translation\n\n#### [오리지널 사운드 - 푸디터 fooditor](https://www.tiktok.com/music/%EC%98%A4%EB%A6%AC%EC%A7%80%EB%84%90-%EC%82%AC%EC%9A%B4%EB%93%9C-%ED%91%B8%EB%94%94%ED%84%B0-fooditor-7367283389370223361)\n\n[Anguk Station · Jongno-gu](https://www.tiktok.com/place/Anguk-Station-22535865294982176)\n\n1 comment\n\nLog in to comment\n\n[![Image 4](https://p16-common-sign.tiktokcdn-us.com/tos-alisg-avt-0068/7355592058142195733~tplv-tiktokx-cropcenter:100:100.jpg?dr=9640&refresh_token=c0b35774&x-expires=1764435600&x-signature=na1SZLSQ6W1uIIRM6jbMoF%2FFNTw%3D&t=4d5b0474&ps=13740610&shp=30310797&shcp=ff37627b&idc=useast8)](https://www.tiktok.com/@user7024960883919)\n\n[녠희](https://www.tiktok.com/@user7024960883919)\n\n🥰\n\n3-27 Reply\n\n0\n\nYou may like\n\nLog in\n\nLog in\n\nIntroducing keyboard shortcuts!\n\nGo to previous video\n\nGo to next video\n\nLike video \n\nMute / unmute video \n\nPlay / Pause\n\nSkip forward\n\nSkip backward\n\nFull screen"
      },
      {
        "platform": "news",
        "title": "서대문 룸식당",
        "url": "https://www.tiktok.com/discover/%EC%84%9C%EB%8C%80%EB%AC%B8-%EB%A3%B8%EC%8B%9D%EB%8B%B9",
        "snippet": "있는데 인형뽑기,게임기,농구,인생4컷까지 있어서 시간보내기도 좋음! 한식 좋아하면 진짜 여긴 꼭 가보시길 추천드립니다. ---------------------------------------------- #소리소 시골밥상 경기도 남양주시 진건읍 진건우회로 95-1 11:30 ~ 04:10 #한식 #한식맛집 #남양주맛집 #남양주맛집추천 남양주 '소리소 시골밥상'에서 즐기는 푸짐한 한식. 남양주 '소리소 시골밥상'에서 20여가지 반찬과 솥밥을 맛보세요! 한식의 매력을 느낄 수 있는 곳입니다. #소리소 #한식맛집 #남양주맛집. 남양주 한식 맛집, 푸짐한 한식 비법, 소리소 시골밥상 메뉴, 남양주 솥밥 전문점, 셀프바 반찬 리필, 한가득 반찬 시골밥상, 남양주 가족 나들이, 인공폭포 산책코스, 남양주 탐앤탐스 할인, 한식 나들이 추천 [...] 23:00 ⏰토 ~ 일 15:00 ~ 23:00 L.O 22:00 ☎️0507-1377-5069 💲방어 500g 95000원 우니추가 20000원 막회 39000원 #서울맛집#서울노포#서대문구맛집#서대문역맛집”. 14 [...] 02-923-7844 2️⃣ 청량리 백반의 교과서 『충청도식당』 30년 동안 아침 6시부터 저녁 7시까지 눈·비 상관없이 문을 여는 진짜 노포 백반집이에요. ✔ 백반 6,000원 ✔ 제육백반 8,000원 오늘은 제육백반을 주문했는데 배추국, 가자미튀김, 콩나물, 사라다 등 6가지 반찬에 고봉밥까지 푸짐! 계란후라이 하나 추가하니 완벽한 조합이었습니다. 정말 엄마가 해주는 밥상처럼 따뜻하고 든든한 곳이에요. 이제는 유튜브에도 나올 정도로 유명해졌지만 여전히 변함없는 정과 가성비로 손님을 맞이합니다. 📍 서울 동대문구 경동시장로12길 26 ⏰ 06:00~19:00 (주차 불가) 3️⃣ 청량리역의 숨은 노포 『조령가정식당』 아직도 서울 한복판에서 6,000원 백반을 즐길 수 있다고요? 여기는 노부부께서 오래도록 운영하시는, 진짜 ‘할머니·할아버지의 밥상’이에요. 김치찌개 한 그릇에 밥, 반찬이 푸짐하게 나와요. 김치, 고춧가루, 고기가 전부 국내산이라 한입 먹을 때마다 정성과 진심이",
        "score": 0.053705383,
        "timestamp": "2025-11-29T02:23:03.606533",
        "raw_content": "서대문 룸식당 | TikTok\n\n===============\n\n1.      #### TikTok Shop is now available on web!\n\nBrowse your favorite items.      \n\n[**TikTok**](https://www.tiktok.com/)\n\nLog in\n\n[**TikTok**](https://www.tiktok.com/)\n\nSearch\n\n[For You](https://www.tiktok.com/)\n\n[Shop](https://www.tiktok.com/shop)\n\n[Explore](https://www.tiktok.com/explore)\n\n[Following](https://www.tiktok.com/following)\n\n[LIVE](https://www.tiktok.com/live)\n\n[Upload](https://www.tiktok.com/tiktokstudio/upload?from=webapp)\n\n[Profile](https://www.tiktok.com/@)\n\nMore\n\nLog in\n\n#### Company\n\n#### Program\n\n#### Terms & Policies\n\n© 2025 TikTok\n\nLog in\n\nLog in\n\n서대문 룸식당\n=======\n\nDiscover videos related to 서대문 룸식당 on TikTok.\n\nDiscover videos related to 서대문 룸식당 on TikTok.\n\nLast updated 2025-11-24\n----------------------------------------------------------------------\n\n[![Image 1: 9244 Likes, 156 Comments. TikTok video from 뚱스맛집 (@0seoneun0): “🔎 블링블림 황금빛 한옥에서 즐기는 9900원 만찬 외국인 손님에게 소개하고싶은 맛집 <한옥그레이스> 서대문역 1분거리 골목안에 있는 한옥그레이스는 한옥과 자개장의 조화롭고 화려한 인테리어로 눈길을 사로잡는 분위기 좋은 고기집인데 점심에는 직장인들의 점심특선을 판매하고있어요. ▪️점심특선 9900원 콩나물제육+계란찜+반찬11종(잡채,부침개포함♡) 와~~ 이분위기에서 제대로 대접받고 9900원 내기가 미안할정도로 넘나 잘먹고왔어요. 친절은 물론 반찬도 정갈하고 맛있어서 저녁에 고기먹으러 가보려구요~~ 식당이 넓어서 인근직장인들 단체회식장소로 인기많은듯해요 🚩#한옥그레이스 #한옥그레이스 통일로9안길 28-5 (서대문역2번 127m) ⏰️ 월~토 11시~22시 🚫매주일요일 휴무 25.4 #서대문역맛집 #서대문역점심 #서대문역고ᄀ이트#서대문역데이트소 #서대문맛집 #서대문고기집 #서대문회식 #서대문점심 #광화문맛집 #광화문회식장소 #광화문고기집 #광화문데이트 #백반맛집 #제육볶음맛집 #숨은맛집 #노포 #가성비맛집 #서울맛집 #충정로맛집 #한식맛집 #이색데이트 #한옥술집 #한옥맛집”.](https://p16-common-sign.tiktokcdn-us.com/tos-alisg-p-0037/oEpsBf87BA00iyVCDAihEDE2AAqI5Sxw38ItKA~tplv-tiktokx-origin.image?dr=9636&x-expires=1764522000&x-signature=sC3JRQl1K4Zd%2FKpFc5E1TetZHYI%3D&t=4d5b0474&ps=13740610&shp=81f88b70&shcp=0d52deaf&idc=useast8) **9244**](https://www.tiktok.com/@0seoneun0/video/7494138683159825672)\n\n🔎 블링블림 황금빛 한옥에서 즐기는 9900원 만찬 외국인 손님에게 소개하고싶은 맛집 <한옥그레이스> 서대문역 1분거리 골목안에 있는 한옥그레이스는 한옥과 자개장의 조화롭고 화려한 인테리어로 눈길을 사로잡는 분위기 좋은 고기집인데 점심에는 직장인들의 점심특선을 판매하고있어요. ▪️점심특선 9900원 콩나물제육+계란찜+반찬11종(잡채,부침개포함♡) 와~~ 이분위기에서 제대로 대접받고 9900원 내기가 미안할정도로 넘나 잘먹고왔어요. 친절은 물론 반찬도 정갈하고 맛있어서 저녁에 고기먹으러 가보려구요~~ 식당이 넓어서 인근직장인들 단체회식장소로 인기많은듯해요 🚩#한옥그레이스 #한옥그레이스 통일로9안길 28-5 (서대문역2번 127m) ⏰️ 월~토 11시~22시 🚫매주일요일 휴무 25.4 #서대문역맛집 #서대문역점심 #서대문역고ᄀ이트#서대문역데이트소 #서대문맛집 #서대문고기집 #서대문회식 #서대문점심 #광화문맛집 #광화문회식장소 #광화문고기집 #광화문데이트 #백반맛집 #제육볶음맛집 #숨은맛집 #노포 #가성비맛집 #서울맛집 #충정로맛집 #한식맛집 #이색데이트 #한옥술집 #한옥맛집 9900원 만찬, 한옥그레이스에서의 특별한 점심. 서대문 한옥그레이스에서 9900원으로 맛있는 점심특선을 즐겨보세요! 풍성한 반찬과 함께하는 식사 필수! #한옥그레이스 #서대문역맛집. 9900원 점심특선, 서대문역 고깃집, 한옥 인테리어 맛집, 서울 한식 맛집, 직장인 점심 특선, 고기집 추천, 숨은 맛집 서울, 한옥 스타일 레스토랑, 서대문회식장소, 광화문 맛집\n\n[![Image 2](https://p16-common-sign.tiktokcdn-us.com/tos-alisg-avt-0068/95f8dbb1c54e9ee7514185e282b4d7e0~tplv-tiktokx-cropcenter:100:100.jpeg?dr=9640&refresh_token=646a1e51&x-expires=1764522000&x-signature=udoMok8KtIsH9kruvkIPNKvhwhU%3D&t=4d5b0474&ps=13740610&shp=a5d48078&shcp=81f88b70&idc=useast8) 0seoneun0](https://www.tiktok.com/@0seoneun0)442.1K\n\n[![Image 3: 369 Likes, 10 Comments. TikTok video from 뚱스맛집 (@0seoneun0): “🔎(점심) 연탄불고기 무한리필 11000원 제가 또 신상맛집 기가맥힌곳을 찾았잖아요 무려 연탄불고기+반찬 무한리필!!!! (10시~15시) 새벽5시부터 오전장사하실 고기 초벌하신다는데 불향가득하고 넘맛있어요~ 고기더주세요 하면 친절하게 가져다주세요. 마지막에 밥볶았는데 고추장없어서 싱겁더라구요~ 볶음밥은 하지마세용 ㅋㅋ 토욜은 연탄불고기백반 9천원(무한리필×) 사장님들 넘 친절해서 아주 맛있게 먹고왔어요 저녁메뉴도 먹으러 방문할께요 ▪️(점심)연탄불고기 무한리필 11.0 ▪️꼼장어 13.0 / 닭발 12.0 ▪️치즈계란말이 10.0 / 시사모 13.0 🚩 밥순이연탄불고기 #밥순이연탄불고기 충정로6안길 50 (서대문역 7번출구 205m) ⏰️월~금 10:00~22:00/토10시~15시 🚫일욜 휴무 ㆍ 25.1 #서대문역맛집 #서대문점심 #서대문밥집 #서대문맛집 #충정로맛집#충정로점심 #무한리필#무한리필맛집 #고기무한리필 #가성비맛집 #연탄불고기 #백반맛집 #제육볶음무한리필 #제육볶음맛집 #제육볶음마ᄉ”.](https://p19-common-sign.tiktokcdn-us.com/tos-alisg-p-0037/o4EQ4vgZIRFigOMS6Y4M8MeMsfAXAAXAAebeQf~tplv-tiktokx-origin.image?dr=9636&x-expires=1764522000&x-signature=2%2BqCpmsWJ%2BTqUQQvZhCw1dqekS0%3D&t=4d5b0474&ps=13740610&shp=81f88b70&shcp=0d52deaf&idc=useast8) **369**](https://www.tiktok.com/@0seoneun0/video/7461442906419645714)\n\n🔎(점심) 연탄불고기 무한리필 11000원 제가 또 신상맛집 기가맥힌곳을 찾았잖아요 무려 연탄불고기+반찬 무한리필!!!! (10시~15시) 새벽5시부터 오전장사하실 고기 초벌하신다는데 불향가득하고 넘맛있어요~ 고기더주세요 하면 친절하게 가져다주세요. 마지막에 밥볶았는데 고추장없어서 싱겁더라구요~ 볶음밥은 하지마세용 ㅋㅋ 토욜은 연탄불고기백반 9천원(무한리필×) 사장님들 넘 친절해서 아주 맛있게 먹고왔어요 저녁메뉴도 먹으러 방문할께요 ▪️(점심)연탄불고기 무한리필 11.0 ▪️꼼장어 13.0 / 닭발 12.0 ▪️치즈계란말이 10.0 / 시사모 13.0 🚩 밥순이연탄불고기 #밥순이연탄불고기 충정로6안길 50 (서대문역 7번출구 205m) ⏰️월~금 10:00~22:00/토10시~15시 🚫일욜 휴무 ㆍ 25.1 #서대문역맛집 #서대문점심 #서대문밥집 #서대문맛집 #충정로맛집#충정로점심 #무한리필#무한리필맛집 #고기무한리필 #가성비맛집 #연탄불고기 #백반맛집 #제육볶음무한리필 #제육볶음맛집 #제육볶음마ᄉ 무한리필 연탄불고기 맛집 추천. 연탄불고기와 다양한 반찬 무한리필! 친절한 서비스와 불향 가득한 고기가 기다립니다. 점심에 꼭 방문해 보세요! #서대문역맛집 #무한리필. 무한리필 연탄불고기, 서대문역 음식, 충정로 맛집, 점심 추천 장소, 고기 무한리필 식당, 대전 맛집 추천, 불고기 맛집, 볶음밥 안 할 곳\n\n[![Image 4](https://p16-common-sign.tiktokcdn-us.com/tos-alisg-avt-0068/95f8dbb1c54e9ee7514185e282b4d7e0~tplv-tiktokx-cropcenter:100:100.jpeg?dr=9640&refresh_token=646a1e51&x-expires=1764522000&x-signature=udoMok8KtIsH9kruvkIPNKvhwhU%3D&t=4d5b0474&ps=13740610&shp=a5d48078&shcp=81f88b70&idc=useast8) 0seoneun0](https://www.tiktok.com/@0seoneun0)55.4K\n\n[![Image 5: 134 Likes, 1 Comments. TikTok video from helen | food & travel (@helenelehelen): “Everything I ate at a budget friendly Korean Chinese restaurant in Seodaemun, Seoul 📍I Poom 132-19 Yeonhui-dong Seodaemun-gu Seoul #jjajangmyeon #chinesefood #koreanfood #blackbeannoodles #noodles #dumplings #seoul #korea #korean #foodreview #foodblogger #foodshorts #travel #travelvlog”.](https://p16-common-sign.tiktokcdn-us.com/tos-useast5-p-0068-tx/o0eAQHAWfIA6EjAAuOIC7PQkccQHM8CEkelRWK~tplv-tiktokx-origin.image?dr=9636&x-expires=1764522000&x-signature=et9MsWOzaxHG%2BW%2Fbw4%2B2CkaUy%2F0%3D&t=4d5b0474&ps=13740610&shp=81f88b70&shcp=0d52deaf&idc=useast8) **134**](https://www.tiktok.com/@helenelehelen/video/7531463118552042765)\n\nEverything I ate at a budget friendly Korean Chinese restaurant in Seodaemun, Seoul 📍I Poom 132-19 Yeonhui-dong Seodaemun-gu Seoul #jjajangmyeon #chinesefood #koreanfood #blackbeannoodles #noodles #dumplings #seoul #korea #korean #foodreview #foodblogger #foodshorts #travel #travelvlog Budget-Friendly Korean Chinese Dining in Seodaemun. Discover affordable Korean Chinese dishes including jajangmyeon and dumplings at I Poom, Seodaemun. A must-visit for food lovers! #jjajangmyeon #foodreview #travel. budget-friendly Korean Chinese restaurant Seoul, Seodaemun dining experience, jajangmyeon in Seoul, reviews of I Poom restaurant, Korean Chinese food affordable, dumplings in Seodaemun, best noodles in Seoul, Seodaemun food blog, black bean noodles review, travel vlogs in Korea\n\n[![Image 6](https://p16-common-sign.tiktokcdn-us.com/tos-useast5-avt-0068-tx/4cd1fcc84ff0c1ea8255c42750660aee~tplv-tiktokx-cropcenter:100:100.jpeg?dr=9640&refresh_token=1a66fce6&x-expires=1764522000&x-signature=AGYAQph8JQpoBEAusEh56eDrFZs%3D&t=4d5b0474&ps=13740610&shp=a5d48078&shcp=81f88b70&idc=useast8) helenelehelen](https://www.tiktok.com/@helenelehelen)4501\n\n[![Image 7: 6 Likes, 0 Comments. TikTok video from Hokidori (@hokidori): “화교 출신 사장님이 만들어 주는 로컬 탕수육? 서대문 노포 화상 맛집! -서울 서대문구 천연동 68-2, “니하우객잔” 오직 요리로만 승부 보는 서대문구 오래된 노포 중식당 찐맛집! 화교 출신 사장님이 15년 넘게 혼자 하시는 곳으로 음식 주문 시 바로 웍을 돌리시는데 요리들이 진짜 빨리 나옴;; 2차로 와서 간단하게(?) 탕수육, 칠리새우, 얼큰 술국, 오향장육 이렇게 시켰는데 오향장육은 삭힌 오리알이 들어가서 돼지고기, 파채와 먹으니 완전 별미 얼큰 술국은 청경채를 포함한 각종 야채들이 알맞게 익어서 식감 너무 좋았고 불향이 끝내주는 어디선가 먹어 본듯한 익숙한 짬뽕 비슷한 맛!! 칠리새우도 겉바속촉 너무 맛있었고 무엇보다 여기 탕수육이.. 약간 한약재 향(?)이 나면서 잡내도 없고 완전 바삭 쫀득한 게 제 추측으로는 냉동 고기가 아닌 냉장으로 쓰시는 게 아닌지.. 진짜 진짜 맛있음! 가격도 너무 좋아서 1차로 왔으면 진짜 한 10개 시켰을듯,,ㅋㅋ🤣 독립문 영천시장 근처라 시장 구경하고 가도 좋을 듯 합니다! ✅서울 서대문구 천연동 68-2, “니하우객잔” ✅매일 17:00-23:00 ✅칠리새우 18,000원 / 탕수육 14,000원 / 오향장육 19,000원 / 술국(얼큰탕) 12,000원 #서대문구맛집 #서대문맛집 #영천시장 #니하우객잔 #노포중식당”.](https://p16-common-sign.tiktokcdn-us.com/tos-alisg-p-0037/oEmbWr4NGIsxephXAeLGowjNsCeuSWDIIWAFIU~tplv-tiktokx-origin.image?dr=9636&x-expires=1764522000&x-signature=el8n1vyPfBpL7OebMlJBUmbTplk%3D&t=4d5b0474&ps=13740610&shp=81f88b70&shcp=0d52deaf&idc=useast8) **6**](https://www.tiktok.com/@hokidori/video/7577687994434342164)\n\n화교 출신 사장님이 만들어 주는 로컬 탕수육? 서대문 노포 화상 맛집! -서울 서대문구 천연동 68-2, “니하우객잔” 오직 요리로만 승부 보는 서대문구 오래된 노포 중식당 찐맛집! 화교 출신 사장님이 15년 넘게 혼자 하시는 곳으로 음식 주문 시 바로 웍을 돌리시는데 요리들이 진짜 빨리 나옴;; 2차로 와서 간단하게(?) 탕수육, 칠리새우, 얼큰 술국, 오향장육 이렇게 시켰는데 오향장육은 삭힌 오리알이 들어가서 돼지고기, 파채와 먹으니 완전 별미 얼큰 술국은 청경채를 포함한 각종 야채들이 알맞게 익어서 식감 너무 좋았고 불향이 끝내주는 어디선가 먹어 본듯한 익숙한 짬뽕 비슷한 맛!! 칠리새우도 겉바속촉 너무 맛있었고 무엇보다 여기 탕수육이.. 약간 한약재 향(?)이 나면서 잡내도 없고 완전 바삭 쫀득한 게 제 추측으로는 냉동 고기가 아닌 냉장으로 쓰시는 게 아닌지.. 진짜 진짜 맛있음! 가격도 너무 좋아서 1차로 왔으면 진짜 한 10개 시켰을듯,,ㅋㅋ🤣 독립문 영천시장 근처라 시장 구경하고 가도 좋을 듯 합니다! ✅서울 서대문구 천연동 68-2, “니하우객잔” ✅매일 17:00-23:00 ✅칠리새우 18,000원 / 탕수육 14,000원 / 오향장육 19,000원 / 술국(얼큰탕) 12,000원 #서대문구맛집 #서대문맛집 #영천시장 #니하우객잔 #노포중식당 \n\n[![Image 8](https://p16-common-sign.tiktokcdn-us.com/tos-alisg-avt-0068/75c699d6002d32841d695396f6a64c35~tplv-tiktokx-cropcenter:100:100.jpeg?dr=9640&refresh_token=db9b5388&x-expires=1764522000&x-signature=x7Jof9LGQTM1zbxkgOJHWwz75s0%3D&t=4d5b0474&ps=13740610&shp=a5d48078&shcp=81f88b70&idc=useast8) hokidori](https://www.tiktok.com/@hokidori)862\n\n[![Image 9: 1431 Likes, 15 Comments. TikTok video from Yiz (@pwark.yiz): “Sweet or salty brunch? At this brunch place, you fill out the paper at your seat and when you're ready to order, you give them your filled out paper + order your drink (one drink is required per person) [Naver Map] Grain Seoul 서울 서대문구 연희로11가길 53 https://naver.me/FrlpS0k5 #그레인 #그레인서울 #grainseoul #seodaemun #서대문맛집 #서대문구맛집 #서대문카페 #혼밥맛집 #solotravel #restaurantreview #브런치 #brunch #brunchinseoul #브런치카페 #brunchcafe #cafereview #koreacafe #seoulcafe #koreandesserts #koreandessert #koreancafe #seouleats #koreanfood #koreafoodie #koreanrestaurant #southkorea #seoul #visitkorea #seoulfood”.](https://p19-common-sign.tiktokcdn-us.com/tos-useast5-p-0068-tx/1c353d2c260e4a8e84f172a8a594db90_1702478034~tplv-tiktokx-origin.image?dr=9636&x-expires=1764522000&x-signature=3f7ZBv2Ii7Qfwa1%2B6FEugKhccsc%3D&t=4d5b0474&ps=13740610&shp=81f88b70&shcp=0d52deaf&idc=useast8) **1431**](https://www.tiktok.com/@pwark.yiz/video/7312087350278950187)\n\nSweet or salty brunch? At this brunch place, you fill out the paper at your seat and when you're ready to order, you give them your filled out paper + order your drink (one drink is required per person) [Naver Map] Grain Seoul 서울 서대문구 연희로11가길 53 https://naver.me/FrlpS0k5 #그레인 #그레인서울 #grainseoul #seodaemun #서대문맛집 #서대문구맛집 #서대문카페 #혼밥맛집 #solotravel #restaurantreview #브런치 #brunch #brunchinseoul #브런치카페 #brunchcafe #cafereview #koreacafe #seoulcafe #koreandesserts #koreandessert #koreancafe #seouleats #koreanfood #koreafoodie #koreanrestaurant #southkorea #seoul #visitkorea #seoulfood \n\n[![Image 10](https://p16-common-sign.tiktokcdn-us.com/tos-useast5-avt-0068-tx/2647ed9981233960861120cc69867ddd~tplv-tiktokx-cropcenter:100:100.jpeg?dr=9640&refresh_token=4a0b861e&x-expires=1764522000&x-signature=RFJ97F43%2B%2BfHIUN2fAnQu4nP%2BcE%3D&t=4d5b0474&ps=13740610&shp=a5d48078&shcp=81f88b70&idc=useast8) pwark.yiz](https://www.tiktok.com/@pwark.yiz)21.6K\n\n[![Image 11: 76 Likes, 2 Comments. TikTok video from 맛집탐방도사 (@user8430335221305): “#우체국식당#서대문우체국식당 #5500원 점심 고물가시대 5500원에 밥을 푸짐하게 먹을 수 있는곳. 강력 추천!!”.](https://p16-common-sign.tiktokcdn-us.com/tos-alisg-p-0037/osiE2fPxXg3RDu1QB8lEAABUeBWFIhTBnnmowq~tplv-tiktokx-origin.image?dr=9636&x-expires=1764522000&x-signature=0KSbDLoOgLi4kRGfA62syvMd%2B2c%3D&t=4d5b0474&ps=13740610&shp=81f88b70&shcp=0d52deaf&idc=useast8) **76**](https://www.tiktok.com/@user8430335221305/video/7446977012679363847)\n\n#우체국식당#서대문우체국식당 #5500원 점심 고물가시대 5500원에 밥을 푸짐하게 먹을 수 있는곳. 강력 추천!!\n\n[![Image 12](https://p16-common-sign.tiktokcdn-us.com/tos-alisg-avt-0068/fb8632000faa57173a68644fe04ebd6c~tplv-tiktokx-cropcenter:100:100.jpeg?dr=9640&refresh_token=1ffb05ed&x-expires=1764522000&x-signature=5%2FOZGkru8fBtgFOxsO54gRbx9NA%3D&t=4d5b0474&ps=13740610&shp=a5d48078&shcp=81f88b70&idc=useast8) user8430335221305](https://www.tiktok.com/@user8430335221305)11.2K\n\n[![Image 13: 5 Likes, 0 Comments. TikTok video from wander_82 (@kadeja_96): “안녕하세요 #아미아미 입니다⁽⁽٩(๑˃ᗨ˂)۶⁾⁾ ⠀ #광고 ⠀ 이번에 제가 다녀온 곳은 서대문구에 위치한 화우서대문입니다!☺️ ⠀ 내부의 분위기가 고급지고 바에 온 줄 알았어요 그 정도로 엄청 고급스러운 내부였어요! ⠀ 룸이 있는 술집 이여서 조용하게 드실 분들은 미리 예약해서 룸에서 드시면 되세요! ⠀ 각 룸 이름들이 특이했어요 경희궁, 창경궁, 경복궁 이런식으로 있더라고요!!! ⠀ 제가 시킨 메뉴는 특한입갈비, 특등심, 살치살, 소양념갈비, 된장찌개, 비빔냉면입니다! ⠀ 먹기 전 반찬이 여러 종류가 나오는데 제일 눈에 띄었던 반찬은 양념게장, 잡채였어요 종류가 많아서 골라먹는 재미가 있었어요 ㅎㅎ ⠀ 저희가 고기를 구우려고 할때 쯤 직원분이 오셔서 고기를 구워주셨어요 ㅎㅎ ⠀ 직접 구워 먹는줄 알았는데 고급진 만큼 직원분들의 서비스가 너무 좋았습니다~! ⠀ 고기가 신선한 만큼 고기에서 잡내 하나 나지 않고 육즙이 쭈~욱 나오면서 맛있게 먹었어요 ⠀ 개인적으로 특등심이 저는 맛있더라고요!! ⠀ 비빔냉면도 냉면집에서 파는 곳의 냉면과 비슷할 정도로 양념장의 맛도 있고 면도 탱글탱글 했습니당 ⠀ 여러분들도 분위기가 좋은 곳에서 고기를 먹고 싶으시다면 지금 당장 #화우서대문본점 으로 출발하세용 ⠀ 📍서울특별시 서대문구 통일로9안길 32 📍0507-1441-7705 📍평일 11:00 - 22:00 / 주말 12:00 - 22:00 📍메뉴 -특한입갈비 - 28,000원 -특등심 - 48,000원 -살치살 - 37,000원 -소양념갈비 - 28,000원 -된장찌개 - 9,000원 -비빔냉면 - 9,000원 #먹스타 #서대문 #고기맛집 #소갈비 #먹방 #맛집추천 #맛집 #서울맛집”.](https://p16-common-sign.tiktokcdn-us.com/tos-useast5-p-0068-tx/oo9fwCXSQBHgdTVHCgFEAuDVIRAjiwBQIWfNkf~tplv-tiktokx-origin.image?dr=9636&x-expires=1764522000&x-signature=D62m9YYMBVxJhCRBI7vL8yLYzx4%3D&t=4d5b0474&ps=13740610&shp=81f88b70&shcp=0d52deaf&idc=useast8) **5**](https://www.tiktok.com/@kadeja_96/video/7504121716713508142)\n\n안녕하세요 #아미아미 입니다⁽⁽٩(๑˃ᗨ˂)۶⁾⁾ ⠀ #광고 ⠀ 이번에 제가 다녀온 곳은 서대문구에 위치한 화우서대문입니다!☺️ ⠀ 내부의 분위기가 고급지고 바에 온 줄 알았어요 그 정도로 엄청 고급스러운 내부였어요! ⠀ 룸이 있는 술집 이여서 조용하게 드실 분들은 미리 예약해서 룸에서 드시면 되세요! ⠀ 각 룸 이름들이 특이했어요 경희궁, 창경궁, 경복궁 이런식으로 있더라고요!!! ⠀ 제가 시킨 메뉴는 특한입갈비, 특등심, 살치살, 소양념갈비, 된장찌개, 비빔냉면입니다! ⠀ 먹기 전 반찬이 여러 종류가 나오는데 제일 눈에 띄었던 반찬은 양념게장, 잡채였어요 종류가 많아서 골라먹는 재미가 있었어요 ㅎㅎ ⠀ 저희가 고기를 구우려고 할때 쯤 직원분이 오셔서 고기를 구워주셨어요 ㅎㅎ ⠀ 직접 구워 먹는줄 알았는데 고급진 만큼 직원분들의 서비스가 너무 좋았습니다~! ⠀ 고기가 신선한 만큼 고기에서 잡내 하나 나지 않고 육즙이 쭈~욱 나오면서 맛있게 먹었어요 ⠀ 개인적으로 특등심이 저는 맛있더라고요!! ⠀ 비빔냉면도 냉면집에서 파는 곳의 냉면과 비슷할 정도로 양념장의 맛도 있고 면도 탱글탱글 했습니당 ⠀ 여러분들도 분위기가 좋은 곳에서 고기를 먹고 싶으시다면 지금 당장 #화우서대문본점 으로 출발하세용 ⠀ 📍서울특별시 서대문구 통일로9안길 32 📍0507-1441-7705 📍평일 11:00 - 22:00 / 주말 12:00 - 22:00 📍메뉴 -특한입갈비 - 28,000원 -특등심 - 48,000원 -살치살 - 37,000원 -소양념갈비 - 28,000원 -된장찌개 - 9,000원 -비빔냉면 - 9,000원 #먹스타 #서대문 #고기맛집 #소갈비 #먹방 #맛집추천 #맛집 #서울맛집 \n\n[![Image 14](https://p16-common-sign.tiktokcdn-us.com/tos-useast5-avt-0068-tx/9cc1a17a73cb7c2f2c91eab88656d385~tplv-tiktokx-cropcenter:100:100.jpeg?dr=9640&refresh_token=ee063e6d&x-expires=1764522000&x-signature=yqHBAGUz0Tt8A6S3u9pZp%2Ffrq48%3D&t=4d5b0474&ps=13740610&shp=a5d48078&shcp=81f88b70&idc=useast8) kadeja_96](https://www.tiktok.com/@kadeja_96)315\n\n[![Image 15: 14 Likes, 1 Comments. TikTok video from 맛깔난 (@matkkalnan): “시장 속 안에 숨겨진 동네 로컬 횟집 #다대기실비 이집은 서대문 영천시장 안에 위치해 있고 당일바리 회와 해산물들이 상당히 신선해서 동네 주민분들과 직장인들이 자주 찾는 집입니다. 방어는 일산 대방어만 취급해서 때깔이 좋고 기름기가 장난 아닙니다. 우니 추가하시면 캐비어도 같이 올려 주시는데 같이 먹으면 입안에 풍미가 미치니 우니도 추가해서 드십쇼.. 막회는 매일 산지에서 직접 받아 포항 가자미와 여수 병어 통영 아나고가 나오는데 각기 다른 식감과 맛이 좋고 직접 만든 수제장이랑 섞어서 드시면 더 맛있습니다...김에 싸서 드세요 평일 저녁에도 웨이팅 있는데 캐치테이블 가능하고 연말에 단체 예약도 되니 참고하세요.. p.s 화장실 가게 밖 남녀구분에 깨끗합니다 📍서울 서대문구 영천시장길 56 B호 다대기실비 ⏰월 ~ 금 17:00 ~ 24:00 L.O 23:00 ⏰토 ~ 일 15:00 ~ 23:00 L.O 22:00 ☎️0507-1377-5069 💲방어 500g 95000원 우니추가 20000원 막회 39000원 #서울맛집#서울노포#서대문구맛집#서대문역맛집”.](https://p16-common-sign.tiktokcdn-us.com/tos-alisg-p-0037/okGk4IlDTQJUTLZIfoXeB4fTbbJwCjAzQSICAD~tplv-tiktokx-origin.image?dr=9636&x-expires=1764522000&x-signature=LfysK8aEyka9K80ear8ftJ7HEf4%3D&t=4d5b0474&ps=13740610&shp=81f88b70&shcp=0d52deaf&idc=useast8) **14**](https://www.tiktok.com/@matkkalnan/video/7577326817997032711)\n\n시장 속 안에 숨겨진 동네 로컬 횟집 #다대기실비 이집은 서대문 영천시장 안에 위치해 있고 당일바리 회와 해산물들이 상당히 신선해서 동네 주민분들과 직장인들이 자주 찾는 집입니다. 방어는 일산 대방어만 취급해서 때깔이 좋고 기름기가 장난 아닙니다. 우니 추가하시면 캐비어도 같이 올려 주시는데 같이 먹으면 입안에 풍미가 미치니 우니도 추가해서 드십쇼.. 막회는 매일 산지에서 직접 받아 포항 가자미와 여수 병어 통영 아나고가 나오는데 각기 다른 식감과 맛이 좋고 직접 만든 수제장이랑 섞어서 드시면 더 맛있습니다...김에 싸서 드세요 평일 저녁에도 웨이팅 있는데 캐치테이블 가능하고 연말에 단체 예약도 되니 참고하세요.. p.s 화장실 가게 밖 남녀구분에 깨끗합니다 📍서울 서대문구 영천시장길 56 B호 다대기실비 ⏰월 ~ 금 17:00 ~ 24:00 L.O 23:00 ⏰토 ~ 일 15:00 ~ 23:00 L.O 22:00 ☎️0507-1377-5069 💲방어 500g 95000원 우니추가 20000원 막회 39000원 #서울맛집#서울노포#서대문구맛집#서대문역맛집 \n\n[![Image 16](https://p16-common-sign.tiktokcdn-us.com/tos-alisg-avt-0068/14787b090065d1304af8ab95ce520e15~tplv-tiktokx-cropcenter:100:100.jpeg?dr=9640&refresh_token=7a4eca21&x-expires=1764522000&x-signature=nQ49BaR%2BA8wtd%2FjfbAv0TgyRHH8%3D&t=4d5b0474&ps=13740610&shp=a5d48078&shcp=81f88b70&idc=useast8) matkkalnan](https://www.tiktok.com/@matkkalnan)1268\n\n[![Image 17: 83 Likes, 3 Comments. TikTok video from 서대문무당 백마장군 (@whitehorse_shaman): “백마장군의 무당반상회 첫회｜무당들의 밸런스게임이 이렇게 화끈해도 되나? 솔직 폭주 편 ☎️ 국민무당 서대문백마장군 상담 예약 010-5597-8312#신점잘보는곳 #강남점집 #유명한점집 #삼재 #은평구점집 #운세”.](https://p16-common-sign.tiktokcdn-us.com/tos-alisg-p-0037/oUAeEciBA0fBB6nAjpomCxIIxAi4TVAJwMCLCg~tplv-tiktokx-origin.image?dr=9636&x-expires=1764522000&x-signature=Am%2FxN%2FErOzuH8XPMuPQhGDovBUM%3D&t=4d5b0474&ps=13740610&shp=81f88b70&shcp=0d52deaf&idc=useast8) **83**](https://www.tiktok.com/@whitehorse_shaman/video/7576901372566719745)\n\n백마장군의 무당반상회 첫회｜무당들의 밸런스게임이 이렇게 화끈해도 되나? 솔직 폭주 편 ☎️ 국민무당 서대문백마장군 상담 예약 010-5597-8312#신점잘보는곳 #강남점집 #유명한점집 #삼재 #은평구점집 #운세\n\n[![Image 18](https://p16-common-sign.tiktokcdn-us.com/tos-alisg-avt-0068/7d4859160499af876ffae868f313b164~tplv-tiktokx-cropcenter:100:100.jpeg?dr=9640&refresh_token=51f6f45b&x-expires=1764522000&x-signature=nlwUqSHyg8yka6Hlr%2FmhStgmABc%3D&t=4d5b0474&ps=13740610&shp=a5d48078&shcp=81f88b70&idc=useast8) whitehorse_shaman](https://www.tiktok.com/@whitehorse_shaman)2639\n\n[![Image 19: 6 Likes, 2 Comments. TikTok video from 먹찍이의 맛집투어 (@muk._.zzik): “함흥냉면 끝판왕🍜'이설면옥남가좌점' 여기 냉면은 진짜 미쳤어요! 고구마 100% 면이라 쫄깃쫄깃 살아있는 식감에 진짜 입안에서 행복 폭발해요ㅠㅠ 함흥냉면 좋아하시면 여긴 무조건 꼭 드셔보세요! ✨ 📍이설면옥 남가좌점 서울 서대문구 수색로2길 39 1층 110-3호 #이설면옥남가좌점 #함흥냉면 #물냉면맛집 #비빔냉면맛집 #간재미회 #냉면덕후 #서대문맛집 #가좌맛집 #여름별미 #서울맛집 #면요리 #시원한음식 #면스타그램 #냉면추천 #맛집투어”.](https://p16-common-sign.tiktokcdn-us.com/tos-alisg-p-0037/o8ABl3peAXVlER8CFVAAGEIDpgFpKAMCtFf3d1~tplv-tiktokx-origin.image?dr=9636&x-expires=1764522000&x-signature=Q%2F059o4uu5zU0udPJwg1vDELsE4%3D&t=4d5b0474&ps=13740610&shp=81f88b70&shcp=0d52deaf&idc=useast8) **6**](https://www.tiktok.com/@muk._.zzik/video/7577691442512973063)\n\n함흥냉면 끝판왕🍜'이설면옥남가좌점' 여기 냉면은 진짜 미쳤어요! 고구마 100% 면이라 쫄깃쫄깃 살아있는 식감에 진짜 입안에서 행복 폭발해요ㅠㅠ 함흥냉면 좋아하시면 여긴 무조건 꼭 드셔보세요! ✨ 📍이설면옥 남가좌점 서울 서대문구 수색로2길 39 1층 110-3호 #이설면옥남가좌점 #함흥냉면 #물냉면맛집 #비빔냉면맛집 #간재미회 #냉면덕후 #서대문맛집 #가좌맛집 #여름별미 #서울맛집 #면요리 #시원한음식 #면스타그램 #냉면추천 #맛집투어\n\n[![Image 20](https://p19-common-sign.tiktokcdn-us.com/tos-alisg-avt-0068/63cde58adb464f5b6a507b8bf544277b~tplv-tiktokx-cropcenter:100:100.jpeg?dr=9640&refresh_token=9ec598dd&x-expires=1764522000&x-signature=5vUsyswVKbBfDomRGR8g5iiTNUQ%3D&t=4d5b0474&ps=13740610&shp=a5d48078&shcp=81f88b70&idc=useast8) muk._.zzik](https://www.tiktok.com/@muk._.zzik)141\n\n[![Image 21: 1 Likes, 1 Comments. TikTok video from duluv (@duluv5): “딱 열자마자 드는 생각: “이건 반반이 아니라… 행복 두 스쿱이다.” 스크롤 하다 멈춘 당신 잘 왔어. 이 조합은 설명하는 순간 이미 배고파지는 메뉴다. 🤤🔥 ⸻ 🟡 고구마 베이컨 크럼블 — 달콤·짭짤 결정판 부드럽게 으깬 고구마가 노랗게 깔리고 그 위에 베이컨 크럼블이 촘촘하게 박혀 있어서 한 입 씹을 때마다 달콤함 → 고소함 → 짭짤함이 순환하듯 이어진다. 입안이 편안해지는 맛… 약간 중독성 있음. “나만 알고 싶은 단짠 피자” 느낌 그대로. ⸻ 🧡 베이컨×체다×불고기 — 묵직하고 진한 맛의 카리스마 여긴 확실히 존재감이 다르다. 고소한 베이컨, 진득한 체다, 달달 짭짤 불고기가 세 겹으로 밀고 들어오면서 입안에서 화려한 맛폭죽 터지는 느낌. 특히 치즈크러스트랑 조합되면… 그냥 반칙 수준. 치즈 끝까지 꽉 차서 마지막 크러스트까지 버릴 조각이 없다. ⸻ 🧀 치즈크러스트 — 이 피자의 마지막 ‘확인사살’ 진짜 이거 하나로 맛의 결이 완전히 달라진다. 도우 끝까지 꾸덕하고 고소해서 단짠 조합이 더 선명해지고, “아 오늘 이걸로 잘 골랐다…” 자동으로 나오는 맛. ⸻ 총평 한쪽은 포근한 달콤함, 한쪽은 진짜 미친 존재감의 고기·치즈 조합. 그리고 마지막엔 치즈크러스트로 마무리. 이 반반은 무드와 텐션 둘 다 잡는 피자다. 퇴근 후 씻기 전에 바로 시켜야 하는 메뉴. 😮‍💨🔥 #언노운피자 #배달맛집 #피자맛집 #서대문맛집 #홍제동맛집”.](https://p16-common-sign.tiktokcdn-us.com/tos-alisg-p-0037/oMNEbfRpegERDQlICTkEAMBcHBKFIXHEpDzLtQ~tplv-tiktokx-origin.image?dr=9636&x-expires=1764522000&x-signature=35UbsZcoEcunX8O3obkOCmFcJM0%3D&t=4d5b0474&ps=13740610&shp=81f88b70&shcp=0d52deaf&idc=useast8) **1**](https://www.tiktok.com/@duluv5/video/7577619501097766162)\n\n딱 열자마자 드는 생각: “이건 반반이 아니라… 행복 두 스쿱이다.” 스크롤 하다 멈춘 당신 잘 왔어. 이 조합은 설명하는 순간 이미 배고파지는 메뉴다. 🤤🔥 ⸻ 🟡 고구마 베이컨 크럼블 — 달콤·짭짤 결정판 부드럽게 으깬 고구마가 노랗게 깔리고 그 위에 베이컨 크럼블이 촘촘하게 박혀 있어서 한 입 씹을 때마다 달콤함 → 고소함 → 짭짤함이 순환하듯 이어진다. 입안이 편안해지는 맛… 약간 중독성 있음. “나만 알고 싶은 단짠 피자” 느낌 그대로. ⸻ 🧡 베이컨×체다×불고기 — 묵직하고 진한 맛의 카리스마 여긴 확실히 존재감이 다르다. 고소한 베이컨, 진득한 체다, 달달 짭짤 불고기가 세 겹으로 밀고 들어오면서 입안에서 화려한 맛폭죽 터지는 느낌. 특히 치즈크러스트랑 조합되면… 그냥 반칙 수준. 치즈 끝까지 꽉 차서 마지막 크러스트까지 버릴 조각이 없다. ⸻ 🧀 치즈크러스트 — 이 피자의 마지막 ‘확인사살’ 진짜 이거 하나로 맛의 결이 완전히 달라진다. 도우 끝까지 꾸덕하고 고소해서 단짠 조합이 더 선명해지고, “아 오늘 이걸로 잘 골랐다…” 자동으로 나오는 맛. ⸻ 총평 한쪽은 포근한 달콤함, 한쪽은 진짜 미친 존재감의 고기·치즈 조합. 그리고 마지막엔 치즈크러스트로 마무리. 이 반반은 무드와 텐션 둘 다 잡는 피자다. 퇴근 후 씻기 전에 바로 시켜야 하는 메뉴. 😮‍💨🔥 #언노운피자 #배달맛집 #피자맛집 #서대문맛집 #홍제동맛집 \n\n[![Image 22](https://p16-common-sign.tiktokcdn-us.com/tos-alisg-avt-0068/bed4d5eb4179baf3b6883c3a5f3d016b~tplv-tiktokx-cropcenter:100:100.jpeg?dr=9640&refresh_token=fb5ce49c&x-expires=1764522000&x-signature=BNEprlIhrF5B0FGH873OvVs%2Bb20%3D&t=4d5b0474&ps=13740610&shp=a5d48078&shcp=81f88b70&idc=useast8) duluv5](https://www.tiktok.com/@duluv5)82\n\n[![Image 23: 86 Likes, 4 Comments. TikTok video from 딱변(올인 허동진 변호사) (@allinlaw_official): “바람핀 배우자 용서해도 될까요? 부산에서 이혼 변호사로 활동하며 느낀 점입니다”.](https://p16-common-sign.tiktokcdn-us.com/tos-alisg-p-0037/07221152be7746fb80c382c048356fcd_1703458922~tplv-tiktokx-origin.image?dr=9636&x-expires=1764522000&x-signature=dH1Njyvzf4pOKXxgNL0OHB5K7Bo%3D&t=4d5b0474&ps=13740610&shp=81f88b70&shcp=0d52deaf&idc=useast8) **86**](https://www.tiktok.com/@allinlaw_official/video/7316300284781661441)\n\n바람핀 배우자 용서해도 될까요? 부산에서 이혼 변호사로 활동하며 느낀 점입니다\n\n[![Image 24](https://p16-common-sign.tiktokcdn-us.com/tos-alisg-avt-0068/7316068923256864775~tplv-tiktokx-cropcenter:100:100.jpeg?dr=9640&refresh_token=ef4cc53c&x-expires=1764522000&x-signature=AjFgdgk84b%2Ft9lliYn4FI6sKG2Q%3D&t=4d5b0474&ps=13740610&shp=a5d48078&shcp=81f88b70&idc=useast8) allinlaw_official](https://www.tiktok.com/@allinlaw_official)14.9K\n\n[![Image 25: 312 Likes, 4 Comments. TikTok video from ddmguide (@ddmguide): “동대문에서 단돈 6,000원으로 따뜻한 백반 한 끼 먹을 수 있는 곳, 오늘은 제가 직접 다녀온 동대문 가성비 백반집 3곳을 소개합니다 🍚✨ 1️⃣ 고대생의 성지, 어머님의 밥상 『금복식당』 고려대 앞 제기동 골목에 숨은 **진짜 ‘집밥 백반집’**이에요. 사장님께서 학생들을 위해 수십 년째 착한 가격을 지켜오고 있습니다. ✔ 제육볶음 6,500원 ✔ 찌개류 5,500원 ✔ 닭도리탕 7,000원 닭도리탕은 국내산 닭을 뚝배기에 끓여내는데 국물이 진하고, 닭고기는 부드럽고 촉촉합니다. 매콤달큰한 양념에 밥 한 숟갈 떠먹으면 그게 바로 행복이죠. 🍲 “학생들 많이 먹어야 해요” 그 한마디가 왜 이 집을 찾는지 설명해줍니다. 📍 서울 동대문구 안암로20길 16 🕐 10:30~20:00 (브레이크 15:00~16:30) 🚫 일요일 휴무 / 토요일 비정기 휴무 📞 02-923-7844 2️⃣ 청량리 백반의 교과서 『충청도식당』 30년 동안 아침 6시부터 저녁 7시까지 눈·비 상관없이 문을 여는 진짜 노포 백반집이에요. ✔ 백반 6,000원 ✔ 제육백반 8,000원 오늘은 제육백반을 주문했는데 배추국, 가자미튀김, 콩나물, 사라다 등 6가지 반찬에 고봉밥까지 푸짐! 계란후라이 하나 추가하니 완벽한 조합이었습니다. 정말 엄마가 해주는 밥상처럼 따뜻하고 든든한 곳이에요. 이제는 유튜브에도 나올 정도로 유명해졌지만 여전히 변함없는 정과 가성비로 손님을 맞이합니다. 📍 서울 동대문구 경동시장로12길 26 ⏰ 06:00~19:00 (주차 불가) 3️⃣ 청량리역의 숨은 노포 『조령가정식당』 아직도 서울 한복판에서 6,000원 백반을 즐길 수 있다고요? 여기는 노부부께서 오래도록 운영하시는, 진짜 ‘할머니·할아버지의 밥상’이에요. 김치찌개 한 그릇에 밥, 반찬이 푸짐하게 나와요. 김치, 고춧가루, 고기가 전부 국내산이라 한입 먹을 때마다 정성과 진심이 느껴집니다. 특히 김치찌개에 밥을 말고 계란프라이 얹어서 먹으면… 그건 바로 추억의 맛. 🥹 “할머니가 해주신 그 밥상”이 생각나는 집입니다. 📍 서울 동대문구 왕산로 232-1 ⏰ 06:00~19:00 🍴 오늘의 결론 6천 원으로도 따뜻하게 배부를 수 있는 곳, 동대문엔 아직 ‘정 있는 백반집’이 살아있습니다. 📘 네이버에도 안 나오는 동대문 정보는? 👉 동대문로컬큐레이터 @ddmguide 인스타에서 확인하세요! #동대문맛집 #청량리맛집 #백반맛집 #가성비맛집 #금복식당 #충청도식당 #조령가정식당 #로컬맛집 #ddmguide”.](blob:http://localhost/b9a31d3949b1882a09ed2f8508d538f3) **1414**](https://www.tiktok.com/@foogle__/video/7564003888550907144)\n\n전국에 할매입맛들 오픈런하는 상다리부러지는곳 와 여러분, 전국의 할매입맛들 싹 다 사로잡아서 오픈런까지 한다는, 엄청난 웨이팅까지 있다는! 솥밥하나만 주문하면 상다리 부러지게 20여가지 반찬들이 나오는 남양주 '소리소 시골밥상'을 아시나요? 외관은 물론 내부까지 굉장히 시골스러운 분위기에서 먹는 푸짐한 한식이라니. 나오는 반찬만 생선구이, 보쌈, 간장게장, 계란찜, 시레기조림, 호박전, 가지전, 잡채, 청포묵무침, 꽈리고추무침, 각종나물 등등! 정말 한가득 나오는데 진짜 할머니가 해주신것 처럼 음식맛이 너무 좋은데 밑반찬들은 셀프바에서 자유롭게 리필도 가능하더라구요. 솥밥에 누룽지 만들어 시레기조림 먹으면 핵꿀맛. 식당 뒷편으로 산책코스에 인공폭포까지 있고 야외음악회까지 해서 나들이로 완전 좋아요. 그리고 뒤에 탐앤탐스 카페도 있는데 영수증 가져가면 커피,음료 20%할인! 리뷰 남기면 아무 음료나 공짜! 네이버 알림받기 하면 커피한잔 공짜! 웨이팅하는 사람들을 위해 오락실까지 있는데 인형뽑기,게임기,농구,인생4컷까지 있어서 시간보내기도 좋음! 한식 좋아하면 진짜 여긴 꼭 가보시길 추천드립니다. ---------------------------------------------- #소리소 시골밥상 경기도 남양주시 진건읍 진건우회로 95-1 11:30 ~ 04:10 #한식 #한식맛집 #남양주맛집 #남양주맛집추천 남양주 '소리소 시골밥상'에서 즐기는 푸짐한 한식. 남양주 '소리소 시골밥상'에서 20여가지 반찬과 솥밥을 맛보세요! 한식의 매력을 느낄 수 있는 곳입니다. #소리소 #한식맛집 #남양주맛집. 남양주 한식 맛집, 푸짐한 한식 비법, 소리소 시골밥상 메뉴, 남양주 솥밥 전문점, 셀프바 반찬 리필, 한가득 반찬 시골밥상, 남양주 가족 나들이, 인공폭포 산책코스, 남양주 탐앤탐스 할인, 한식 나들이 추천\n\n[![Image 26](https://p19-common-sign.tiktokcdn-us.com/tos-alisg-avt-0068/a25c207a7f954643bb3420608e77d60a~tplv-tiktokx-cropcenter:100:100.jpeg?dr=9640&refresh_token=af1a2d8c&x-expires=1764522000&x-signature=g5%2B5m6%2BnIckhn1BjIEpm9V6DoyU%3D&t=4d5b0474&ps=13740610&shp=a5d48078&shcp=81f88b70&idc=useast8) foogle__](https://www.tiktok.com/@foogle__)148.4K\n\n[![Image 27: 312 Likes, 4 Comments. TikTok video from ddmguide (@ddmguide): “동대문에서 단돈 6,000원으로 따뜻한 백반 한 끼 먹을 수 있는 곳, 오늘은 제가 직접 다녀온 동대문 가성비 백반집 3곳을 소개합니다 🍚✨ 1️⃣ 고대생의 성지, 어머님의 밥상 『금복식당』 고려대 앞 제기동 골목에 숨은 **진짜 ‘집밥 백반집’**이에요. 사장님께서 학생들을 위해 수십 년째 착한 가격을 지켜오고 있습니다. ✔ 제육볶음 6,500원 ✔ 찌개류 5,500원 ✔ 닭도리탕 7,000원 닭도리탕은 국내산 닭을 뚝배기에 끓여내는데 국물이 진하고, 닭고기는 부드럽고 촉촉합니다. 매콤달큰한 양념에 밥 한 숟갈 떠먹으면 그게 바로 행복이죠. 🍲 “학생들 많이 먹어야 해요” 그 한마디가 왜 이 집을 찾는지 설명해줍니다. 📍 서울 동대문구 안암로20길 16 🕐 10:30~20:00 (브레이크 15:00~16:30) 🚫 일요일 휴무 / 토요일 비정기 휴무 📞 02-923-7844 2️⃣ 청량리 백반의 교과서 『충청도식당』 30년 동안 아침 6시부터 저녁 7시까지 눈·비 상관없이 문을 여는 진짜 노포 백반집이에요. ✔ 백반 6,000원 ✔ 제육백반 8,000원 오늘은 제육백반을 주문했는데 배추국, 가자미튀김, 콩나물, 사라다 등 6가지 반찬에 고봉밥까지 푸짐! 계란후라이 하나 추가하니 완벽한 조합이었습니다. 정말 엄마가 해주는 밥상처럼 따뜻하고 든든한 곳이에요. 이제는 유튜브에도 나올 정도로 유명해졌지만 여전히 변함없는 정과 가성비로 손님을 맞이합니다. 📍 서울 동대문구 경동시장로12길 26 ⏰ 06:00~19:00 (주차 불가) 3️⃣ 청량리역의 숨은 노포 『조령가정식당』 아직도 서울 한복판에서 6,000원 백반을 즐길 수 있다고요? 여기는 노부부께서 오래도록 운영하시는, 진짜 ‘할머니·할아버지의 밥상’이에요. 김치찌개 한 그릇에 밥, 반찬이 푸짐하게 나와요. 김치, 고춧가루, 고기가 전부 국내산이라 한입 먹을 때마다 정성과 진심이 느껴집니다. 특히 김치찌개에 밥을 말고 계란프라이 얹어서 먹으면… 그건 바로 추억의 맛. 🥹 “할머니가 해주신 그 밥상”이 생각나는 집입니다. 📍 서울 동대문구 왕산로 232-1 ⏰ 06:00~19:00 🍴 오늘의 결론 6천 원으로도 따뜻하게 배부를 수 있는 곳, 동대문엔 아직 ‘정 있는 백반집’이 살아있습니다. 📘 네이버에도 안 나오는 동대문 정보는? 👉 동대문로컬큐레이터 @ddmguide 인스타에서 확인하세요! #동대문맛집 #청량리맛집 #백반맛집 #가성비맛집 #금복식당 #충청도식당 #조령가정식당 #로컬맛집 #ddmguide”.](blob:http://localhost/b9a31d3949b1882a09ed2f8508d538f3) **648**](https://www.tiktok.com/@camper_junyoung/video/7577537939803032853)\n\n♨️프로필 하단 링크 참고하세요. ♨️여기는 정말… 무조건 가셔야 합니다🥹 안녕하세요😄 캠퍼준영과 여행하는 은미입니다! 너무 좋아서 갓성비로 준비했습니다 😊🙏 온천 + 실내스파 + 글램핑 + 떡볶이 밀키트까지😆 이 모든게 한 번에 되는 곳, 여기 있어요✨ 구성도, 가성비도, 실속도🫶 이번 혜택 진짜 가족여행 맞춤형 풀패키지 그 자체예요👍 이 가격에 이 구성 말이 안됩니다‼️ ✅특별혜택 ✔️투숙객 전원 실내,야외 온천 스파 종일권♨️ ✔️최대인원까지 추가요금 ❌ ✔️다둥이 가족 최대 5인 이용 가능 (5번째 인원 2만원 추가요금 발생, 증빙서류 필수, 스파이용가능) ✔️바베큐·불멍세트 1만원 할인 ✔️떡볶이 밀키트 무료 증정(주중 이용시) 겨울 힐링 여행 고민 중이셨다면 이번 기회는 정말 놓치시면 안 돼요😎 #국내온천 #온천여행 #온천 #노천탕 #야외온천 \n\n[![Image 28](https://p19-common-sign.tiktokcdn-us.com/tos-alisg-avt-0068/527a8fb3e18800b684aaf9f0f8d22e55~tplv-tiktokx-cropcenter:100:100.jpeg?dr=9640&refresh_token=9d0468a0&x-expires=1764522000&x-signature=M7hqwdoK1m8KajRScaoCrX9wmvo%3D&t=4d5b0474&ps=13740610&shp=a5d48078&shcp=81f88b70&idc=useast8) camper_junyoung](https://www.tiktok.com/@camper_junyoung)120.1K\n\n[![Image 29: 312 Likes, 4 Comments. TikTok video from ddmguide (@ddmguide): “동대문에서 단돈 6,000원으로 따뜻한 백반 한 끼 먹을 수 있는 곳, 오늘은 제가 직접 다녀온 동대문 가성비 백반집 3곳을 소개합니다 🍚✨ 1️⃣ 고대생의 성지, 어머님의 밥상 『금복식당』 고려대 앞 제기동 골목에 숨은 **진짜 ‘집밥 백반집’**이에요. 사장님께서 학생들을 위해 수십 년째 착한 가격을 지켜오고 있습니다. ✔ 제육볶음 6,500원 ✔ 찌개류 5,500원 ✔ 닭도리탕 7,000원 닭도리탕은 국내산 닭을 뚝배기에 끓여내는데 국물이 진하고, 닭고기는 부드럽고 촉촉합니다. 매콤달큰한 양념에 밥 한 숟갈 떠먹으면 그게 바로 행복이죠. 🍲 “학생들 많이 먹어야 해요” 그 한마디가 왜 이 집을 찾는지 설명해줍니다. 📍 서울 동대문구 안암로20길 16 🕐 10:30~20:00 (브레이크 15:00~16:30) 🚫 일요일 휴무 / 토요일 비정기 휴무 📞 02-923-7844 2️⃣ 청량리 백반의 교과서 『충청도식당』 30년 동안 아침 6시부터 저녁 7시까지 눈·비 상관없이 문을 여는 진짜 노포 백반집이에요. ✔ 백반 6,000원 ✔ 제육백반 8,000원 오늘은 제육백반을 주문했는데 배추국, 가자미튀김, 콩나물, 사라다 등 6가지 반찬에 고봉밥까지 푸짐! 계란후라이 하나 추가하니 완벽한 조합이었습니다. 정말 엄마가 해주는 밥상처럼 따뜻하고 든든한 곳이에요. 이제는 유튜브에도 나올 정도로 유명해졌지만 여전히 변함없는 정과 가성비로 손님을 맞이합니다. 📍 서울 동대문구 경동시장로12길 26 ⏰ 06:00~19:00 (주차 불가) 3️⃣ 청량리역의 숨은 노포 『조령가정식당』 아직도 서울 한복판에서 6,000원 백반을 즐길 수 있다고요? 여기는 노부부께서 오래도록 운영하시는, 진짜 ‘할머니·할아버지의 밥상’이에요. 김치찌개 한 그릇에 밥, 반찬이 푸짐하게 나와요. 김치, 고춧가루, 고기가 전부 국내산이라 한입 먹을 때마다 정성과 진심이 느껴집니다. 특히 김치찌개에 밥을 말고 계란프라이 얹어서 먹으면… 그건 바로 추억의 맛. 🥹 “할머니가 해주신 그 밥상”이 생각나는 집입니다. 📍 서울 동대문구 왕산로 232-1 ⏰ 06:00~19:00 🍴 오늘의 결론 6천 원으로도 따뜻하게 배부를 수 있는 곳, 동대문엔 아직 ‘정 있는 백반집’이 살아있습니다. 📘 네이버에도 안 나오는 동대문 정보는? 👉 동대문로컬큐레이터 @ddmguide 인스타에서 확인하세요! #동대문맛집 #청량리맛집 #백반맛집 #가성비맛집 #금복식당 #충청도식당 #조령가정식당 #로컬맛집 #ddmguide”.](blob:http://localhost/b9a31d3949b1882a09ed2f8508d538f3) **2**](https://www.tiktok.com/@duluv5/video/7574677861299162376)\n\n✨ 언노운피자 서대문점 – 폭풍 반반 피자 등장! 오늘도 진짜… 환상적인 조합 하나 나옵니다 😮‍💨🔥 왼쪽은 👉 폭풍처럼 쏟아지는 불고기 단짠단짠 불고기 소스에 고기 토핑이 한가득… 손이 먼저 나가는 맛 🥩🧀 오른쪽은 👉 언노운 페퍼로니 씬도우 얇아서 더 바삭! 기름 한 방울까지 맛있는 진짜 미국식 페퍼로니 🤤❤️ 그리고 둘이 만나면…? “오늘 밤, 야식 각” 이라는 말밖에 안 나옵니다. 🍕✨ 바삭한 씬도우 위에 불고기 + 페퍼로니 조합은 진짜 ‘언노운피자 서대문점’에서만 만날 수 있는 야식러들 심장 직격 조합이에요. 여러분… 지금 군침 돌았다면 그건 정상입니다 😌🔥 오늘 야식은 저희가 책임질게요. #언노운피자 #배달맛집 #피자맛집 언노운피자 서대문점의 환상적인 반반 피자. 폭풍 불고기와 바삭한 페퍼로니가 만난 최고의 조합! 오늘밤 야식은 언노운피자에서 즐기세요. #언노운피자 #배달맛집 #피자맛집. 언노운피자 서대문점 반반 피자 조합 추천, 불고기 피자 야식, 바삭한 페퍼로니 피자, 맛있는 배달 피자, 한국식 불고기 피자, 서대문 맛집, 미국식 피자, 특별한 야식 추천, 고기 토핑 피자, 피자 배달 서비스\n\n[![Image 30](https://p16-common-sign.tiktokcdn-us.com/tos-alisg-avt-0068/bed4d5eb4179baf3b6883c3a5f3d016b~tplv-tiktokx-cropcenter:100:100.jpeg?dr=9640&refresh_token=fb5ce49c&x-expires=1764522000&x-signature=BNEprlIhrF5B0FGH873OvVs%2Bb20%3D&t=4d5b0474&ps=13740610&shp=a5d48078&shcp=81f88b70&idc=useast8) duluv5](https://www.tiktok.com/@duluv5)118\n\n[![Image 31: 312 Likes, 4 Comments. TikTok video from ddmguide (@ddmguide): “동대문에서 단돈 6,000원으로 따뜻한 백반 한 끼 먹을 수 있는 곳, 오늘은 제가 직접 다녀온 동대문 가성비 백반집 3곳을 소개합니다 🍚✨ 1️⃣ 고대생의 성지, 어머님의 밥상 『금복식당』 고려대 앞 제기동 골목에 숨은 **진짜 ‘집밥 백반집’**이에요. 사장님께서 학생들을 위해 수십 년째 착한 가격을 지켜오고 있습니다. ✔ 제육볶음 6,500원 ✔ 찌개류 5,500원 ✔ 닭도리탕 7,000원 닭도리탕은 국내산 닭을 뚝배기에 끓여내는데 국물이 진하고, 닭고기는 부드럽고 촉촉합니다. 매콤달큰한 양념에 밥 한 숟갈 떠먹으면 그게 바로 행복이죠. 🍲 “학생들 많이 먹어야 해요” 그 한마디가 왜 이 집을 찾는지 설명해줍니다. 📍 서울 동대문구 안암로20길 16 🕐 10:30~20:00 (브레이크 15:00~16:30) 🚫 일요일 휴무 / 토요일 비정기 휴무 📞 02-923-7844 2️⃣ 청량리 백반의 교과서 『충청도식당』 30년 동안 아침 6시부터 저녁 7시까지 눈·비 상관없이 문을 여는 진짜 노포 백반집이에요. ✔ 백반 6,000원 ✔ 제육백반 8,000원 오늘은 제육백반을 주문했는데 배추국, 가자미튀김, 콩나물, 사라다 등 6가지 반찬에 고봉밥까지 푸짐! 계란후라이 하나 추가하니 완벽한 조합이었습니다. 정말 엄마가 해주는 밥상처럼 따뜻하고 든든한 곳이에요. 이제는 유튜브에도 나올 정도로 유명해졌지만 여전히 변함없는 정과 가성비로 손님을 맞이합니다. 📍 서울 동대문구 경동시장로12길 26 ⏰ 06:00~19:00 (주차 불가) 3️⃣ 청량리역의 숨은 노포 『조령가정식당』 아직도 서울 한복판에서 6,000원 백반을 즐길 수 있다고요? 여기는 노부부께서 오래도록 운영하시는, 진짜 ‘할머니·할아버지의 밥상’이에요. 김치찌개 한 그릇에 밥, 반찬이 푸짐하게 나와요. 김치, 고춧가루, 고기가 전부 국내산이라 한입 먹을 때마다 정성과 진심이 느껴집니다. 특히 김치찌개에 밥을 말고 계란프라이 얹어서 먹으면… 그건 바로 추억의 맛. 🥹 “할머니가 해주신 그 밥상”이 생각나는 집입니다. 📍 서울 동대문구 왕산로 232-1 ⏰ 06:00~19:00 🍴 오늘의 결론 6천 원으로도 따뜻하게 배부를 수 있는 곳, 동대문엔 아직 ‘정 있는 백반집’이 살아있습니다. 📘 네이버에도 안 나오는 동대문 정보는? 👉 동대문로컬큐레이터 @ddmguide 인스타에서 확인하세요! #동대문맛집 #청량리맛집 #백반맛집 #가성비맛집 #금복식당 #충청도식당 #조령가정식당 #로컬맛집 #ddmguide”.](blob:http://localhost/b9a31d3949b1882a09ed2f8508d538f3) **312**](https://www.tiktok.com/@ddmguide/video/7558030042383535377)\n\n동대문에서 단돈 6,000원으로 따뜻한 백반 한 끼 먹을 수 있는 곳, 오늘은 제가 직접 다녀온 동대문 가성비 백반집 3곳을 소개합니다 🍚✨ 1️⃣ 고대생의 성지, 어머님의 밥상 『금복식당』 고려대 앞 제기동 골목에 숨은 **진짜 ‘집밥 백반집’**이에요. 사장님께서 학생들을 위해 수십 년째 착한 가격을 지켜오고 있습니다. ✔ 제육볶음 6,500원 ✔ 찌개류 5,500원 ✔ 닭도리탕 7,000원 닭도리탕은 국내산 닭을 뚝배기에 끓여내는데 국물이 진하고, 닭고기는 부드럽고 촉촉합니다. 매콤달큰한 양념에 밥 한 숟갈 떠먹으면 그게 바로 행복이죠. 🍲 “학생들 많이 먹어야 해요” 그 한마디가 왜 이 집을 찾는지 설명해줍니다. 📍 서울 동대문구 안암로20길 16 🕐 10:30~20:00 (브레이크 15:00~16:30) 🚫 일요일 휴무 / 토요일 비정기 휴무 📞 02-923-7844 2️⃣ 청량리 백반의 교과서 『충청도식당』 30년 동안 아침 6시부터 저녁 7시까지 눈·비 상관없이 문을 여는 진짜 노포 백반집이에요. ✔ 백반 6,000원 ✔ 제육백반 8,000원 오늘은 제육백반을 주문했는데 배추국, 가자미튀김, 콩나물, 사라다 등 6가지 반찬에 고봉밥까지 푸짐! 계란후라이 하나 추가하니 완벽한 조합이었습니다. 정말 엄마가 해주는 밥상처럼 따뜻하고 든든한 곳이에요. 이제는 유튜브에도 나올 정도로 유명해졌지만 여전히 변함없는 정과 가성비로 손님을 맞이합니다. 📍 서울 동대문구 경동시장로12길 26 ⏰ 06:00~19:00 (주차 불가) 3️⃣ 청량리역의 숨은 노포 『조령가정식당』 아직도 서울 한복판에서 6,000원 백반을 즐길 수 있다고요? 여기는 노부부께서 오래도록 운영하시는, 진짜 ‘할머니·할아버지의 밥상’이에요. 김치찌개 한 그릇에 밥, 반찬이 푸짐하게 나와요. 김치, 고춧가루, 고기가 전부 국내산이라 한입 먹을 때마다 정성과 진심이 느껴집니다. 특히 김치찌개에 밥을 말고 계란프라이 얹어서 먹으면… 그건 바로 추억의 맛. 🥹 “할머니가 해주신 그 밥상”이 생각나는 집입니다. 📍 서울 동대문구 왕산로 232-1 ⏰ 06:00~19:00 🍴 오늘의 결론 6천 원으로도 따뜻하게 배부를 수 있는 곳, 동대문엔 아직 ‘정 있는 백반집’이 살아있습니다. 📘 네이버에도 안 나오는 동대문 정보는? 👉 동대문로컬큐레이터 @ddmguide 인스타에서 확인하세요! #동대문맛집 #청량리맛집 #백반맛집 #가성비맛집 #금복식당 #충청도식당 #조령가정식당 #로컬맛집 #ddmguide 동대문 가성비 백반집 3곳 추천. 6,000원으로 따뜻한 백반을 즐길 수 있는 동대문 근처 가성비 좋은 백반집 3곳을 소개합니다. #동대문맛집 #청량리맛집 #가성비맛집. 동대문 가성비 백반, 6천원 백반집, 서울 맛집 추천, 집밥 백반 맛집, 청량리 백반, 고대생 밥집, 진짜 집밥 식당, 지역 맛집, 맛있는 백반, 착한 가격 식당\n\n[![Image 32](https://p16-common-sign.tiktokcdn-us.com/tos-alisg-avt-0068/d0059e05940424e1b148807649b0b754~tplv-tiktokx-cropcenter:100:100.jpeg?dr=9640&refresh_token=0bb505a9&x-expires=1764522000&x-signature=bZKdXIivQlbw5Id5wUK2TyhGI84%3D&t=4d5b0474&ps=13740610&shp=a5d48078&shcp=81f88b70&idc=useast8) ddmguide](https://www.tiktok.com/@ddmguide)22.9K\n\n### Related to 서대문 룸식당\n\n[서대문한옥식당](https://www.tiktok.com/discover/%EC%84%9C%EB%8C%80%EB%AC%B8%ED%95%9C%EC%98%A5%EC%8B%9D%EB%8B%B9 \"서대문한옥식당 | TikTok\")[건대 룸식당](https://www.tiktok.com/discover/%EA%B1%B4%EB%8C%80-%EB%A3%B8%EC%8B%9D%EB%8B%B9 \"건대 룸식당 | TikTok\")[분당 룸있는식당](https://www.tiktok.com/discover/%EB%B6%84%EB%8B%B9-%EB%A3%B8%EC%9E%88%EB%8A%94%EC%8B%9D%EB%8B%B9 \"분당 룸있는식당 | TikTok\")[수서역 룸식당](https://www.tiktok.com/discover/%EC%88%98%EC%84%9C%EC%97%AD-%EB%A3%B8%EC%8B%9D%EB%8B%B9 \"수서역 룸식당 | TikTok\")[서대문회식하기좋은곳](https://www.tiktok.com/discover/%EC%84%9C%EB%8C%80%EB%AC%B8%ED%9A%8C%EC%8B%9D%ED%95%98%EA%B8%B0%EC%A2%8B%EC%9D%80%EA%B3%B3 \"서대문회식하기좋은곳 | TikTok\")[성신여대 룸 식당](https://www.tiktok.com/discover/%EC%84%B1%EC%8B%A0%EC%97%AC%EB%8C%80-%EB%A3%B8-%EC%8B%9D%EB%8B%B9 \"성신여대 룸 식당 | TikTok\")[분당 룸 식당](https://www.tiktok.com/discover/%EB%B6%84%EB%8B%B9-%EB%A3%B8-%EC%8B%9D%EB%8B%B9 \"분당 룸 식당 | TikTok\")[노원역 룸식당](https://www.tiktok.com/discover/%EB%85%B8%EC%9B%90%EC%97%AD-%EB%A3%B8%EC%8B%9D%EB%8B%B9 \"노원역 룸식당 | TikTok\")[정자역 룸식당](https://www.tiktok.com/discover/%EC%A0%95%EC%9E%90%EC%97%AD-%EB%A3%B8%EC%8B%9D%EB%8B%B9 \"정자역 룸식당 | TikTok\")[남대문우정식당](https://www.tiktok.com/discover/%EB%82%A8%EB%8C%80%EB%AC%B8%EC%9A%B0%EC%A0%95%EC%8B%9D%EB%8B%B9 \"남대문우정식당 | TikTok\")\n\n### Related to 서대문 룸식당\n\n[수원역 룸식당](https://www.tiktok.com/discover/%EC%88%98%EC%9B%90%EC%97%AD-%EB%A3%B8%EC%8B%9D%EB%8B%B9 \"수원역 룸식당 | TikTok\")[월성동 룸 식당](https://www.tiktok.com/discover/%EC%9B%94%EC%84%B1%EB%8F%99-%EB%A3%B8-%EC%8B%9D%EB%8B%B9 \"월성동 룸 식당 | TikTok\")[서울 룸식당](https://www.tiktok.com/discover/%EC%84%9C%EC%9A%B8-%EB%A3%B8%EC%8B%9D%EB%8B%B9 \"서울 룸식당 | TikTok\")[서면 룸식당](https://www.tiktok.com/discover/%EC%84%9C%EB%A9%B4-%EB%A3%B8%EC%8B%9D%EB%8B%B9 \"서면 룸식당 | TikTok\")[동대문 식당](https://www.tiktok.com/discover/%EB%8F%99%EB%8C%80%EB%AC%B8-%EC%8B%9D%EB%8B%B9 \"동대문 식당 | TikTok\")[기장 룸 식당](https://www.tiktok.com/discover/%EA%B8%B0%EC%9E%A5-%EB%A3%B8-%EC%8B%9D%EB%8B%B9 \"기장 룸 식당 | TikTok\")[우정식당 남대문](https://www.tiktok.com/discover/%EC%9A%B0%EC%A0%95%EC%8B%9D%EB%8B%B9-%EB%82%A8%EB%8C%80%EB%AC%B8 \"우정식당 남대문 | TikTok\")[전등사 남문식당](https://www.tiktok.com/discover/%EC%A0%84%EB%93%B1%EC%82%AC-%EB%82%A8%EB%AC%B8%EC%8B%9D%EB%8B%B9 \"전등사 남문식당 | TikTok\")[마산 룸식당](https://www.tiktok.com/discover/%EB%A7%88%EC%82%B0-%EB%A3%B8%EC%8B%9D%EB%8B%B9 \"마산 룸식당 | TikTok\")[룸있는 한식당 서울](https://www.tiktok.com/discover/%EB%A3%B8%EC%9E%88%EB%8A%94-%ED%95%9C%EC%8B%9D%EB%8B%B9-%EC%84%9C%EC%9A%B8 \"룸있는 한식당 서울 | TikTok\")"
      },
      {
        "platform": "news",
        "title": "경기도 용인한식뷔페",
        "url": "https://www.tiktok.com/discover/%EA%B2%BD%EA%B8%B0%EB%8F%84-%EC%9A%A9%EC%9D%B8%ED%95%9C%EC%8B%9D%EB%B7%94%ED%8E%98",
        "snippet": "소고기/양고기 스테이크, 민물장어, 치킨, 오리 각종 전골요리에 튀김, 치즈 가리비, 망고빙수를 포함한 디저트, 과일, 베이커리 등 진짜 알짜배기들만 모아 놓은 뷔페",
        "score": 0.050018918,
        "timestamp": "2025-11-29T02:23:03.606536",
        "raw_content": null
      },
      {
        "platform": "news",
        "title": "#협찬 #신혼밥상 오늘은 신랑 생일이에요   점심 저녁 둘다 ... - Instagram",
        "url": "https://www.instagram.com/p/DDyoAc7xDM-/",
        "snippet": "조합은 #풀무원 무설탕 그릭요거트 + 초코맛 그래놀라 + 체리 듬뿍 체리랑 초코는 언제나 옳아용 단백질함량이 있어서 그런가 생각보다 든든했구요,",
        "score": 0.049190234,
        "timestamp": "2025-11-29T02:23:03.606540",
        "raw_content": "![](data:image/png;base64,iVBORw0KGgoAAAANSUhEUgAAAKAAAACgCAYAAACLz2ctAAAtXklEQVR4AezBAQ0AAAjAoNu/tDl0QAAAAAAAAG9NRy179gDrX9NdcfyzZ8793b9r27Zt2wqqoHYb1rYdt1Hj1AhqI6jdPrafizO7uHOSnfMi+uvFTlZm73XO9TdrZnK/TB6/Ctef5jqudm4MbgTXBofGUXAYHJaLvq/GUee4GR2tGz2tndaa80a2hWhAdCPCiAA0dBmBBQ1bH4BONqFJi8ggm6FrGWRnXKwxmrHS1kWsYYyDOBucdLk27Sycnod2cixOhzw7Fs8NnljFk8PZ01fFs087fRzPegmt+HP3uNvrF7325eD1lu6t1/SW2bxWX71x8iqRDskRjoNlqk9FoyW9yUjZQvYwgmxdIqMRzRoNNuiEjmYIIqQmNQQaltJvft/gFLnNDX3OIbLJ7FKIPBIjZAbTjzUYTeairawjGOToYm2chHG6cIa1y8eSe7r492Y8EM7/7Ez7rzf1mg8j3eUVKd1N9ZVXvUY786qteUfpnYKPkN5QuhaJokgCEEUNCbM34QlDQxhCCpu/gjb9xtTQUOHr6ucMCzbfXKN4Md+pMIbQ6rtzbnLO1Ln21QspdjPDBaT53138NeN3mvO/Pji+7xW95n04eTmAu/o8Lr3qVW++nnmj1ny08B6R3ly6DJEYhLnu4bPv9zCOCVAW+NjgaxID6QghN1AnHEOvMBTgluLt4eo28KI+n37Od7MAOHQNSQGvzb4CGGWtgDLUPlg79zTrn5G/162//4z1P/Cwu6DiHv/gTtYPXXnzj8nwYdL7S6/b0qtFIIkJm6TC15JaHQqE6h+spF2Xcs6b39VkTItkex/toi/gbT52oDW0CZitl5svsGy9nE5qWMQOMKImq6SAW1O5wvjCNbbPfTqs/975S/JXbzj/VTxyhxPw79yJ+porb/lOwee15qMNryNdikQWgCaEkpizCWAgC2hKH1BTrEC1zNSLDawCYNsDKAuYUYBlQYgKjIOgAlfTUmyfRxdy9il1sYdOg33i1c+/B466Fo0pQnIxn+L+kP/cjB++4t9+Eyd3CMBfdbvqy33U8ZVr3uucL4z0icHV2GCaYBlAywLclKyAAYGOKGogS/LVs9+qTfBM4FqBsU3IzHWhwBuipGDIOdNFScU9gAG7rbSeA4HYVAGsniFEAW0gNCkk068/nwmhzZt92a7PG3966vQHw8kf4H63seJpf+p21Ld4t9d03cdKXxe8uQRiEGqylXMeYi3PVQBfeGLsz0nNqtU0nOnX59z3aWctZ7cJZwGws9/6LKKAVS8eKbQdTKFJrSTh5sf0a5rZIBUlybBPPpA7GPdKrAIqjFKzPtT4le78m/EftzEB/9KtrPBO8Q3XvLX0tcJH49UlMWjq9nohaGP6VfUP/GLUqYmmGxiaUdJt1LSbIG694pkfF/UWLMo2u78Zd20DYoNM7OA0e+X2awO39HsQ61wvUknxxsTa7JXkI6zswdxAtEr5W+SPd9d/43ZsywvX3cr62uveE98ZvLdwsMHUaImYwAUxoIJHY5cEBKAVlWQoyTV0Y65ZUs0GqAWBmLAu5VmBtMC9hzxmHxobQOy2zQ3YCiepUdIaCPbPZIFYgc8ujbMmIxW0zdGo6VfW0OQH4fV48rVYfgHP3OIE/Bu3or7a218+vuGTpZ8P84JRoAJoFbpBjN35zy79CgTFL/2oAAprmdOypSETsGGRYurIoKRdLynSRAVYF0xvQlWSDxtYWgEidhenALETkPXzU8BUkpDcz4LiZz0DCuaawpBztUlOnf8SR1+Mh29hAp7dgvPeu1w5vILPaekbpEsRBCJQt9S5GrsLRdIrpFDhm4K2B3N3QyypNZUl8WYKTmjJAtiw1PcpICsA24ShFcBil3pRe+qtlro9S9if7+TuZ8MuxVRApdwl6/Y5kqKo0FH6+DTO/pHTn8F/3RIAb3bCfu+rvv/10xOfsaRvD149AogoIGUBcqWNDcjZ7858ClgNSt/ZATGmN0aT502eLPL5Lk/TOFt4Pi78sRgZcjTySGaTSbrw6bJAPdLs65bbNGFomkZJGtGY7wUiJkzRBTQyQosmG9nJQ4hLF2seB5dCLEFLIwJ250AAsgK+AwwGCLn1yJ0A9R3rVxOvyvrt+O9bAOBwM+uZUx/bYsKHTZIAtCAqaBt8Zd4lWvXOgoeDexb+Jbmn8dTCk8RzXTzfrKchnj/iJLVnunyuy/O0JrkGo4tMq8vkKZCLwBlIHEgO4OAUADFdDhKBVIuDI8Cp0zhsroMzZ3E014OG8yDi3HkPrR85tHB6vFquNC43ebxwPOQxcSXEFdZXaNorhnxL8nXxWuRlYBQIYZQ+i/aVRYGBuIxP4+ghjn4Yj7iJFelP3Kz6thvv/m5n/FGjB5Rz3P4/Gm0q7NOvbquexn0L/xn8Ef7mwJ/8J/dgeHkB+Cb/8uosb8r6/ng3vBnj1cnXICuMU1l6Zc6ptXjrXP0wH/h1OL/r/hf8Lde8re6HpA+NknaSmDJoCmQD6/RMKP+nvbsAsuS4En7/y6y63T2sscVMRsmklekz4zIzM++alzf8DIvGb3ntZd41My2ZmS1ZMglHjMPdfavyPLobcSNj6k231Hem50X/I9JZWdcjaWb+fbLOqcy8RMMefBIfSfxnw6dX/iC8wU+5fjMH70d5IL6HuBf9mUQzLeNEsqlWKumgn5a2p3sq/msNBXznGsj31BOb7EWJ74iwJcHUtBpBiinJpt9wFGIiZmY586+JdxY+cCs3YNkGdyMyfuJ4tj6A7htI3045qxKuuu6hjnwIdCifoPwsPrZGAr7d3eGnfc3o9O2+PfOX2JICpoUjBYFcJRmCpp+IyheDP5znjTu4Ab01YYPvJHHJiYzOZPnFlMfhUBJOtXock9YvEf9G+yzctgYC/oe7w28d96THN+HvU3FGSvifCAf/IyDERLhCiknrydyY+MfEi3GzmbLBz/jsFnwH/dOIB1JawnSjryJifd9BumfR/A2W3A3auzvDjXrflzgjBSYt+Z+ePB0Ro46Cbiv8Pv4y2GfmbPCnHrj/5/h7Pn496bnEo1FFvPj/aFA2kX6Cuffi80ctAr5k+5MeGsV7EpvS/0gGUMiTPiFNop9g8hy4C7/1U7wSYYOjwCfuS/+PlK869FQcA9lxZ3L9J/gFd4OWPe4qUfxEEzZJ1AJCE5QgIwc5kXqasBsvnecf/4GwwVHiqy7/QR/6Tfwu8WCmZQMD2XEgkL6XO5+Dxbsh4G6snpct/MgT5nhiQhRSIiEVpmUc1e96w0147k/wFwgbHGUe+Q4+fAfxvykPIzI9oAy0MOnvwfZn8u2/h7B6pLB6Xi3mbtrs5Sn5sQgLSbWkatKmi8uTscQf7eZXcNCas8Ezvbvl8QXFqnj3D5BeTjkeKAh0iCEBUT7M8ndil9Wj5R+tlju2uE/LIxULkKaXyBcgFUzX/oAvBr+zc83k2+BHvLvl+LPIj6C7F8edxqfvIK4gfwSfsiJueS0n3Jf4jfr57zDlmvNpvwZ/afVoaa2W1Dmn4XyJBIjpwnKaqgGaXBN4GW60hmxwwq9RvonxaaQt2ExZxh7KbYxfQ/c3uNowOO0gy39M/AJlx7CEdYISx1Eexc5/wNLqBbTdavhLX3vSiG+IsC0FEUAytZOtLsEg8erCW91tNvh+Ep+9AC8mvoaAaTFaYjNOJi6g+S76X2P5nVg0zI2MX0D8LjFHDwiUqkFB1+Iibn0wPrJ6Ad1qNcxxai4eHQGYFhASqQDQIrE38/pXcYM1YEPAz56G36U8GXWNDuoodT/S8xjdjvcxDPvfTvP9lItI9T8HtYSBOBfn88MfRaxSwB9cnYCNe0fvPEFKlCDXElKv5/vomA98G70N7hbf4/072fKDpKcQLQWgFqNuD6a8BA+HYfIV9K+iPIho6BEDq2QAbKW/iL99K+5cpYB/azXk/kceHswlCDIyYmB7IQ4kPnEJ11kDNthxOuMfJOZRiRCAGGpfRX4gPmuQrUvc8UnKtTi7WpwKCEBfCT4+EXfOdEn+HF8TyAAIqASckvLaxFsuplgDNlj8avL9KIgB6aD+HEpD+Wme8AsIg/zrpcxfQpxFn+hR/3N7FCT0iIfhFHxxdQKugjf7yc0tZ0NGVPIFciUjri9cYo3YoFwwLF2soJUL+MBW7DXI99zAqy8jPYV+nnoKdqhVMlspZ8HMIuAmzgo2FWRAqabfDIAEfBx3WCM2iJOGhTPdDxSO02b27MCwgN4epI8xvgWnD5dkahnLg/H3M9sTMuK+BRCVcBmBaRqM+Yg1ZINYImCVURCgD+bGDsuey4jbiNOHM2G15OfBzARsuH9jOPpFJR+6OAYFfLzntzxxJ8sn0J1EeybpfOJsnEyzhbSVmCN1OEDsJe0hfYX8JdI1uIXxjYx2Y681IT6PbyENyFeqe10lpi/x/lscnks478vEg6YEq/95VSJS7s0zE2IVAj7dSpnztJNV0tXPgYXpJOS2TexyjPBwb93JwoU88t4cfCjNA0kX0G8nIwH6gTO5AgkF+SBxC6P3Uz5N8wl8BVe7W5QPkfZQtquj23Ckmr73bi4qVsRtV2LgmY9DTM1n8+LN2L8KAV9sJVzqOXMjzquTj4I8rPzV1jkXeXXD9nPIT2busXQXEWeQNtNVUqmrnJWMaToz3EQ6k/77SN9FXE+5Fm+ifT+nfBKLVs1VHye/nfLdpAEpoK8kgbiNxTdaMeVSkuGl+lGPF0jHr1LAZCU0bJvjOFUZsq1ELEiA4ErrmAd59VZ2/CK+hTiP2EG0h87vA1DXAFLVZ6hp6c/EmaQL6Xex693EX+OTVset9K/Co4nTCBRAfV2P/THzt1gx+2+mQ1nhwoSCvMMqaAkrIbF9nvlUBfYetcKBhLQOp9/7+sSIvWcx/kG2/zDlLHowTKr6HpCqBqrPVJ+lHaQduAA/T7yS9FqWP4LdDk+H1+E4PJu4PzH0Cg4RlP3EbzP3Cqti6WYMRL4ykJAsn4nPrkLARSthM1sKTVRTboMYKEon9lhHnO9dW0jfhB+nfyxGFBh4omW41G7g84QwLKb6n/dTxBOZ/1PiDVY+a/w1i7dQXkicjy1EJYegfIzyRtJfs3yHVbG4l3mE4c3ttfjNCVZBS2MlNOxomB+uPEEoSAKhiH3WCed673l4GuPvxQnDZ6IEatJQZKtamRZw4CVlOdT4fMoL8D3EL+KjVkT7Zrov0T2O8hjiQspxpH3EV/BRvIM9l2LRqsn7h1ZEDz8P2rpKAXsrYYGtPaNAUSf+RZKEkIWEUIxYtA44zdvuw/yLiSdStgy/Sciokw1VRKsFrZ/7Sh3l6ux4oGgcW/Ew0h9R/pw7/gnLDs/luJodb2O8g36ebky5kxNuxz6Oc9f43BJ9ITKl2hNiYP/IeH4m2zLn2DoWIwghEDAZhYl4QhECSRxVAU/23/PEj9I8j+6kQz+k90iADlDLFnW0q8WqBE7V/TTV90iGSQ/Dg9j5ABb/DF9yeA6yfC2upUUL2OfusXSAdomyiVRHv4FIaPNM3gXPMUfJvZBMu19AL1Bk01OwJUeJk3xsK/13kX6H2AnUf4BQhkRAUlELWY3LgLihFnGYgHnS02jPIn4GtzgqfHSRh+8nNlWSGX43bG4mWXCxON9KuQGhTPUhZFAUoUGIEuKoCHgP795G87P0v0jsJAB1/m4Vz3x1qyVMA2MwICTDlAbfRtxG8zu4yhHnx3ou2Uscf4joNzSen8kzYKOMktQEQkgC5CkZCWXSB306CgJu8x9zLHwt/a9jO/3AEWSqWt40xbBYeXjZxWDtMCE5PAG1sN9Hl7jjN3CzI07spx8Qrr6H1QtYrISRMhfkiWAaTK6r/y0ClOVes98RJ/8Y49+nbAf6SQMoA283IEE9bRbSftxOvpP+StIdxD7yMrnFZspO0imkE0nbsRNzwyWbmgQOURbagh9nxyLxu7jeEWXXvrrkQgcDUs5IQEqbRGoUYCrpgDKRL5mMlMVWHHAEGXn3ReT/g7J9+Cd2qGqpyoZjiXQV5VLyJ3AJzRWcdDk6NW5pWLwnWy4gX0g8jHQf3B9bKMgwLKQ0VBpK+Bnsxm86opRu+NwYtXwo7YwEXG5JmQAUWSCEkGEiYRGwFEo5cvL99zmMns/4ZMrA0nGqzw6VTCzRf47mX0kfJ11G3Aws41oD9LiZ/Tfjv8nb2Xwy6VGUb8YT6LeTVjr9Vr2W8jTKu/BeR4wY061gCi6AaGeShNC15HyoZ6hUnbieBCwnpXdE+OI8fob+CRQUAHQoVXSpM9UMcID8+/SvYv+VPG0Z4a6xB3t4xZWc+F7KE/DTpItxuGRkoNRfthG/Oim5XOmI0HcUGBSvOnW1nUkSQpln3BAw8MK7TAlZlmh6M+e/R7TfTfMz9Fsoh4l41NMhcYD4N+LFuAxo8CfuPt2Y67+Cr+AvOen5xPeTziHl4cjHwL6Pp5Key95n4Q4zZ7w8sD1zoKRVmllNwQ0lkVBgOB0H/ZiDYeake1N+kNhen940vGgzoSDgKtp/Yv5Pcb2ZU36PuJz8y7iQaOsSDQWgvkY0eCJbH8kV70AxWwqljnrDPyCkGW1KGjeUVE+/hkschQgzp5s8X6kLowNLZ/O0iLfgl1l8G/Y7Itx+kP3/xoVfon8uvpEAVT+QFRc4k/gxzv4MrjNTLi8YXo5FNe5XGwG7VQgYiYCBkGw6AsXsBdw1R/l5+oYyvDFHqqMh3E7zq+x+PTpHlsIlH+fcp9OeiwtI9azCcFYMTyEeidcc6Qg4fNI+RJ5RErKcKYkY2nlVR6CgMzueknjRc2hOreUjBgrK0CHfSv+DvOs/0DlqvPtKfvTbGP0B/VORMTSj1AJsJ36bfW/FQTOjKwTDEa/+wUkzEnCpQaoLuZSBelBfEGbG755FfCNjFBiIFnVxOd1G/Cm3vIeHdI46n/4iD34p6QLSGQQMJFF1K/dm68PwHjMjKgHL4X5A0qySkEwkykAELNW9PujNjvSNjM+hh+FFAVQSegvNn3PPg9YNu9/H9j8g/QZlp2kUGK7DGf8wt70PxUzoAVBqCatmlknIUgJKbT76+g8HHZowEy7ZTHk45QTyQCG3ALIpxjQvoLvBuuL2JY77B7rH4RsBiBVUHOLBnHghPmsm3BlDq6AH9iWnGT8DFtONhA4JBWOAoJgN+x9CfhTy8JQbaNAjkArNCyhXWJd84WZOewZzT8BWyko3nd+Lpe9i9yUo1pjhVTAG6oBhRoXoA4mMfmhXPAJ9Jeda8+9znH0/ysmESRt4n9sBMspn8Vbrmmuu4Nx3EN+BoWhT/6VvpVzAju2405pzaxDqBkP3ZzUFO3QZpp/qTfXdjJ4Bd96T5YuJheHlVPXSqTQm/QP7v2Td0/8Z6bHEiYYjTl0YPoflc/Apa04fAMRK2sySkFS9dhvYoNyhwIyqA/M7WXooCeozuSohCxLSdbQfZmGfdU/+MuP3kL7zEAIOTXsnUE42E8LKBYQwqzIMukSYbnSgfg1GxGySkIMnEvcjIWD4iEyBHDSfYvFSxwQ7r+Pmd9B/AzYNr+yJ6Xunku7H1v/CkjUnqjZc9pphErI/kwY2KB9qDL0ZCHg67SYSDCyNzwBIeyZns+x2TPDfPff5Iul6nFdFuuEvmOZc9m1dewH7ICGqZrCf1btgBMpKzolDMRvKvRgPlJxyJWNG3IJPOaboryZfSTkPKCvIPMvkaBG3WXOGi8+kIzUFj4cPpdHX0/AMBezOJw1MtwW5zoj3E19yTLH3FrZeg57SAFG3eja6B2nBmhPD8lHdM8sIeBDQVxKODe8ZXbb2jE8CciVcroTMKChX849fdGyxyO9dTTpAbKMADEU/lJOIzdacWjrDEW+2Ai7XG1PqcsykQcywDthvJpChPnUAqnHcyvcWxxyxm1geWARQtQI7sXl2CYjDyzf7OqCq3jf49U3oka09461AGmj1ocH2OybpD5K64XfB6vEm4jgzo5buiEfA8QoOKIR+xlNwN0+CAfmqEwr1Y8ckpUMhBt4Fq68TJc8uATG8n/rITcGDGXA1Lkhmw7ibFpAGkAfOaGkbxyQl0+eBetxQRIwjF/nqa7POghcBECs4rgvC2tPtJ9VvO5CR62VYGC84JukXiDy8UUm9FnOZvN9MGH7mIw2M1/iIXvqBBah9/dM44yjY76egqZKNfkrABmFyfQ/enhCOKR60jTQi1G0gIdlN7JmtgBjeT400yym4q4QrlZhRj1GsOW23Vx8IZCKTAlCIBhAAp/KtJ+BmxxTlnqQFihV+M9LtdEuOCInhkx1mJeBiJVUtYy1dmY2Ao/GXzSNlSiIyMZWEJERBpmRKd4L2zgfgPx0rLF54AuVCYiKgAQGhB5SbWT5ozekHdhemgag3uwg4fCzD8DQ8AwG7L2shI5mIRkqUIAXREJPr5XI8zQXHlIDyKfQnDhR/h1ZHX2smZ/GU4chGJeZsyzCBOuoNL8tXMLbmbO6uJC1LaY6Ehkjkhr4QGcVESprmOBEXm9u0Bfutd256V+Ih96GcP7wxCaJuX2LuTmvO/kQc5uR/dzkitmQrowsi6BFqGetFqRo0ZhEBbyHdSDqTZBpNAgSBSEhZOFcsnonLrHuesYNyMf1WwIB0pvuD+Ap/st+a8/0D34liqI8ZZcHjoFTSqYvSpDE5MZKUkqw180s30rwP3y9lSiElIkiJUtCgEJM+8oM1HuaM0ZfQWc/c0N+b8h1IdfQzPCVfzdKX+KGwNqzyKyoS0qyTkPHA9FtIQS4o5J45jLokj609N96iPfHT5O+lyVKQEwUp0QalEBmBhrCFpW9xg3/H9dY1/ROJc4cTDyj1ZzfS3GomjBPJMLneCGYm3xPCUmBqCu6RyD1NT4vU0wajjjZIyZqz7+Qlxy9/Rso3iO40elKLnmiJQpPRolACmWieKo2/Fn9lvXLZA+5B9wtAgMMnIg7gM1y1y0w4KQ1Mt1WDPMskpA+KSSMVYNTT9pPIF5PrMcnsjgdM469o5i8jnSaj9GiJ+nSpTEHKsFnE09a1gOLHKaetUsBbKO/m9M5MWK7lg+Hvx5djRknIUlBC0wFtz6jQFEY9uaMtNGNSIfdJU5JZcMAV7tF/UEoPp91GQ5kjjYlR/SaEaIkg8gMVzzfuX4x91gufvzTxI99I/Bx9Ld/hZPwMt7/dzDgOUYtXSQcNEtLMBOylCKMeE/lGhXZMM6YJUtD05CAjzI7UvUPje6Vum2hpOmJERilEQUMKCkog0zQ/aS5/3scueRXCuuCHziY9i/5sYhWLAaC8ix1LZkdCteLc8HQsm42A+WAY9cwXck9TaCdRL8ekIaFFIwuzY59PON47iXsxJsboUWhaYo4oRJCD6NEiThbNr/tfD74CH3O0+eD9zyJ+lfhfh5evjopuorzKTGkzkAcEy9PRb4ZT8Gipt2kcmn6SaAQ5SMhTrTG5lnSSWRGW8UqNXwABY1KPEQXRokz6BkFEEum+YvwrlvMv4wpHl5+l/36MMCTc0PU/4RYzJdKhI15GnhZvxgJu39/LitZUpKt+AFokJJCMzJY7fM5J/lryYwAULKEnMjYREwlToSD6OdF+u1Fzb73v8P7Lv4ziiPINx7PwHMa/Mlx3g6KGQPo45S/NnNyQh954VBI2UGaTBc/ppSnhagnrSJglRTJrWn8peRzOAwUJOqDAGCNiRELKRFD6B8ijV3rivX5bGb8Pi2bNu+854qwziF+ifPfq1tIFIPaT/4buajNnLqOWDhmpatD0s6kDNopGqabaQ7eERntEBEw+qfEKyQuwAMIUy0SHnuiJQEtpaDIRj1Gav9DO/4kyfiV2myXbT/9O4+6nLHmEkuZXt5wpAN5LeS3pgJmTUi0goBYSzQyn4EYnC83AlNtM9RnJSJLNmjstOdWb9b4WT4BaQgplmdRROmKOPE80RMqaOEuJZ2rai/XxvJm8M/7cOSfSfr+2e7rkTFkyTiyvZiVxIF2DV/Lmmx0RvndUvemokpGmFrDMJgJmi0Z6DXIlW1MnRMgWJK0jwa0ut9MLzNumuJh61TqaIHpyj2WMKS0WJiK2p4j2u6TR10heL+JfLHZf4Oxd6KyWd787Of2RO21fuJel9I02lR9nfLJRok+M0SCjS/SIertpjTH5hXgDX+fIECPS0HTLtBCgHa9SwNaKWNBRTcGVfJWAc8iOFLu924leqvEPQguo65EUKMQyuSeCmEPQF3K/XTQ/rG+fYvPcx6Qb3qRvvqhbvMa5O2/A2BCv/ETyqEedYpxOcNGj7qNrL9b7OnNxgVIokMiJhAajxBiLiR59N7zOTnor7/hrR5TvGZEcfitsRoPoZrMpKes0QlMnHBwyOUkWJAuOJP/mVX7Ak/BjQh4+YQx6So+eWCbmaEaUEdHQ9KeK5puV0ddq+2u07TV27b9aP7pSTnt16aDIYyU1+rSgNNs86mHH099XTidr8rlSt02TspLoEwWRgJQm8iElErpgKdMHoea/6H+HxxVHlNSQTFE9c6kEaLqZRMCJgH2VaNQCkqYiYNjsSPJUxdjvWdAKP8Jhvv8lIfVTb046SiLK5F5DLnMin68058vRyQ6KtCw3HRFI5EZjTmdOlAUyqRAT8QIyGWlyDyJNP0MzTuTCGEuIBPBF2hey+9OOPJtMU0/Bcp2QjGdUiLYsK3XCUUsoIaExwiZHmn2+YovfAHynbIsY2F8NPXKgI3piTLSUeZNnQ7T0LaFV2m1kcksgZ5O9JzQNXSISgT6TEyUBMn2iR5PoJn2LLjEXLCVGGE3uHfTf+DW6j7DJkSe2oYo4qml30oyQlmazILWxLCkydSJCPR0jazDvaHCL693T8805iJ9B0iCGv4wIlKD06Mn9RMRJ/VBHNKRAJhUik1BaSiYK8kRApMl1n0goicgkpEwO+kyXaJAQiRbAZyx4Pj7iaLGYN5OQB9YApvovfnE2WXA7EXB6uq2lqxsLjha7XeUeftOcLfgezLGS3Y2AMomIZZItx4hoiYls0VAaSqb0yJOIlymJkkmJSKRJK4k86ROTMSmRUSbXPaT/Iv2+kfc4Wtx+1ibSdhIMFYCrZ8K8PKs64KKkG5Stvt+AOUeT3W53gt/U+KLsGcLxSv1dNkNf+ghB6smFGBMN/Yg8R8nkZhIh00S4TExE7Cdy9ZmUJtdpWk76oM8wERTyIt4jNb/qlP5SR5Pb2wUsEEgDG9PriDR30CpoV+xI2K2xrKmKz81gHRAWHG1udy1+2+k+KjxbeDzmFUAMtAYFEEEEpdCMKYvE3ETIhhhREhq6TGpIk3GbpoWkoCRSppnKjrtUhF2a/Dxf/NzfobjKUeZ+C2hJpptagukoqCzO5pT8ZI9kXEW6OvFQfb7VeuFG/+4UXxaeK3mi7EzB8D7vKQlLvfemYJFIpBHRURoiEy0pkZvJvYSJkGUiXMoIIgHZPpp369K/GvX/5KL7Wxd8cmkL80N7QAZqgXOLs4mA2V6NcZ35Dj8SgO3WEze50vF+zoKnCD8gfJ2wRUGqIl8ACsPfTBHkZcoypaEk8iQalnZyryHlqc8nEuZMZLJ36/MbpMVXO+uam6wnPnnxNkotHKA5ZMQhbptNIXqrg3qdNCBfQqbKkndYb9zpoLO8w6JLJG+U/YrGA8SAdAlNdQhXqc/hRN+TEP1Eskxu6FpSQz9PDpMISO96pXmNfv5PjZevwUG7Tre+KDum/2JRC3eotyE3zCYLXnankT1VtKt+EKraIPe3HtllGVfgCsd5gzmPl30bHoLzhG1CEuiRBs7krCNnTO3fz4XSkZcoLXm8JNxA8xmpfZPF/o24Td7LZuuU/hRaRCVa/TzYTo3jptlEwHe9bL9vfNZV1TvfYfkykrOsd/baj7c6xTv17oNvFx4iOUdxkuQkIUnIdeRDqqboyViPZK/karpb6D6jaz5g1L8D+8w7FrjvlFiH2QvSIHeUO2eThEDj2mqarWWsxTzZvHvgduud3Tpc6mU+7/l24ky9E4w8WHGG5FzFCXonY4dksyTphGJZuBO3GbtZcp3kK8a+LFwh3OgG19F3jinSvYk6+YCB/cB5F6ffsUoBz7Rikptq+WoB6xUxevfFBx0rPF3g9kmj8X47bNPZppg3sklnq2y70KBoHTC2W7Zo3kFL9tlvr/McRAH3dmzxvG88HtVDaRp46A9kpGu4oV+lgDdYMdlH6ihXPwNq6+K4x+GDjl0O2uMgbgZLaihoALAwaXscw8xfhFPISAPymRKgRXMZzCYJgd6VRjpZO7Ai5lDtYbZYwKINjiGai4idBAKQDvPdfPFZmE0SAm/4ozt9/y/eIDtjuPxSPx+6t0X3w6dscGzwe1+/ExeTjqsEA0BSRcclRl9avYBGVkX2CdkZlWhDWTDZ8bJHHksCbrD1NJxP5HqaIwHUUfFa4tbZRkDI3i77Jo2sGYx6JJNrJ8qegtfgZhusb5730BHjR9Hed7qmRD7MUvzyPtrrYTYrogFan5bdJDtl+L1wHR09WHL/Y0HADU45C1+H+eFDMVPdOvLHOXjn6gV00KrYZJex92t8Zx35BiNidqbk62Wfwm4brGPKwylPBNJKN8tfQ3wOS6sXcLXc5FYneLfsWzXaQ0XBQ2TGWfYdslfhYzZYx6SfIW8dPp63PhEVfIX5y6weLfNWxatfsexpP/1pXC67UFtJV19ntEjOxkslX42DNlhfPGs+85gfJx5Nj4wGgQDkQ61Nu4PmnSzdavVoWbJqGpcLl0kuQJKQVrBTrvEY2dfhtTZYZzzqYtqfhuHzanq09TfVX4P/Apj9FAwv/8PbPetpb9F6rMZJh5x6m4FpufG7sr14lw3WBz/9xPNIz6VcMPxVEACpkjN/gNs/dzcEvN1dInmb7CekWsDhpkFyjuTXzbkNn7DB0eVHnngy3S/QPJk8kPnWfQAKuj9noXMXySy4S+2lv3er7PclRR54H9xUPTRajccp/kj4GsFGO0rtFy48yejAHxDPIKbkA+gBkOpr5DfQf47eXW0tvbvMnLcrLpE9UKIWsX4WZPozj5S9VNiFSxxZNnjOheebm/t5Ed+lFPo8fCi6glLddz3jV7ibpPA8d4vnPe+7ZK/QOE5T1wLRHLZE8ynJy23yBuy1wWx5wUUjtx+8WJd/RTf3eEujHbqGgyO6FqNJm0Mz6UeYRzvpRz2jF9G+DLfC7JOQYd6t8Q+yXxwWbaAlZA/UeKGxBwkvwY02mA0vPjvZv+cnjfLPyc19pGh1iMQIfRCBqNaYRdV8gfKvPO+2NYiAa8Dvuw/+QOPJGo1m4OiQKjs+xPgmxcvxDsnVvsVuhA3uOg9Ic+6xcLKDm59kvPB9utGT9S3jecYtXctiO+lHLI3QYH6qn5uKjPNX0D4Db7YGpPAca8KLXvKtsj80cnq9YHWF2fH0GTSflbxR8kHh8/a7Bb0NVs4rHC8508HRRcrCN+vnHqOb22E8oowYz9G1jBu6EYtzLDfsn0eekm5uqrUYvRDPNcysC9EDHPBW222S/ZNUZ8ArOFMQMrI5ycWSB0luknzeTp+aLAO7zC0uq2XcAL8qe7CTLblIcn+Ni3XO1XT3Y3mzQGppglToe3LDKJGCvkdmuafLRKm+kLxD8zqal1lDUniGNeMV/3uzsb/S+J7B9YFtdZ0MrvqetJDtx63Yq3EZdglflFxv5EadfTbZZ9GiHQ643RI6a0UjORz7HI7hx/Ul7AcsT9qWSX8AT5C8yYJiXmezYrODtuM4vVONnas4z9g5xk5V3FNvm142Rsl0mxlvopunTKbcbp5uxHgSCccjDoxYHtGNMJqOfJ+geQbev8YC/tgah/6/Pl7xbK2f1th5yKRkZHJ9uL66hjS8OUvSC8uS/diL/RN5x4pO0gnLsl4RKCiSgkAIAQJQBIACQqkqFNBD9U8rU+OCTlIkk15IOo3epNfqjPSTVsxZtl1nm85WvTmdkQ5jdOgnrTC5T48OBcuIxHiefp7lzZSWfo7xHOMR/YguT8YtB0YszhMjjJZp3kf78/iCNaZl2Zry0z9wq7/+xz/Vu4fkB2WbpgXSACDVAtUSDok2eL+RbJJsEo6XAJBhYBxqSIhqL3Cu+vqfU6rPUr1/p+pLFfXrxLPUfxZT9+oEtT65ISOQEEHuJ30hCqmQe9pMZHKiKfQYoevpEpHfTXoBy18wA5rnuS/6tW1vvGCPb7r001rLssfK1eaple0nGfgqsvrXDoibhzbyV2OHuVb9Mw0cEqAaD/0AlcEvHq/GU00luWm5phoUpKHPE9FSEjEiT+RLiciYjFOmz6T0AX1+Fv3H6M2itSybCT/5Lbu84g1/YKvjZD8jaWVAMtys4p76eqoF6s+h/jxXf2n1rxtaDFzLkRGVeHVUSmiq6FpgIPJNmrb69dDXP5T1hrXqB7gUdKSgDXT0GUhIQQ6aQilhLv7DUnqhhfGnzZAUC19vprzorfNO8lTZL8keKlsYPl1/OIoMnRA7LOXgtDp8LwAO9y35A/cC9cFFZar11XWPbqovU/0YPZaZ3J+Mq8/HKFhGX///qnvjhrIwef5bYJKE6OfoJ4nHuPmCfuFvHPAK3GnGpDju8Y4If/nui7V+UfLtki1TEq5MwPoahjdqrZZhAROiaqpxLWUcRryYEqNDUcs4fD1GX40nvVJ93mM89Vk/STTKiH7LRL55xv9Pv2zcXGLc/J5rPvo69MyeFI4gr3NPje/S+DHZQySN5lDPcQNjh5u6hyQcmlprKukMSjcsYR0J+1UK2A3IOK7v121KuB4F40rAwPKIfoGyQDeiW6Af7TKe/1vj5m34kCNIivMf4ojyG59acLIHCN8t+wHZSZoBqepkhGEpwYCIUY9XEQUZFhAKYiXT8ICM40rIMeopNyZ9merHA5Gy/mcsI6Y/z5RN9JvoR2F54dW60d8po/e69NL9iCMroKPI22y3yc/qfbXs3rKTZK00FAWrxnCvygZV1xCwwnEMjAtU4qkiYKnFq6fdKmr1dUQbeCbsUI/rX9erx7fq5m5W5t9mPP+v+ISjSIqHH++o8uFbk/9yJp6o8RjJIzROk2yXhhOSgRpfLd4AqxDycBGxwGGm4BiKgJU0dTG5FqnDUvVrp5KPQXE7S4qr9a6w5D/wHjf7LJYdZVLc3/rheTY51X1wgeSrJs+JD5bskKRVZb9phVmwVdwrqBMTA5GvAOpMuKvGQ+L0hrPeOtKN1fKGzgG9qy15r3ApPmXRNbjWOiLFU60/fk2rsdOc4ySn4GxcqHFv2b1wFrbIsAIJoxJwSMSEAitIRADq+329kLiOgPUUXD+jUQs5uQ7Tny+bFrbTu87Y1RZ9QXKpzuUW3WLO9Tp3YNk6JMV3Ora4QPY9ttjteK1tGmfKTsAWybx+0mfzipF20tNKWiEjS7IyuSbJCAmUybhM3WO4LggqAXskoUcPQqATOhShCJ0i9DpFr1jS6U2asbFFnWWdJWOLegd1Dhq7TXGj3k16d9hlN3orZ0PADTbI/v/KBhsCbrDBhoAbbAi4wQYbAm6wIeAGG2wIuMGGgBtssCHgBhsCbrDB/wlKajuIhIz6AQAAAABJRU5ErkJggg==)\n![](data:image/png;base64,iVBORw0KGgoAAAANSUhEUgAAAJAAAABKCAYAAABU493xAAAS4ElEQVR4Ae3bV39Vd9739/f3vwXGNjOW7yu9eXOl12HSj2Jxn6THdp6ARXo3Tu+I9A6kHiKeQAand+Qc5SiD07s36XUsrmJjo72+WSl6BbCQZV9ze4bM/qzXe/f9Xwv0U9eOl7i//G/5Rz6QvEt3oM3hutNV3LPpe2nrL/6b/2EvY1uLcVN7jTou6fZItn1vbRpjxMvm3Jh2tNdAp9uxvjTL7NLrjz+/N7Px/diaT7xsfXHhtXcBBzKu1XFW8302fX+N+T/cy4b8CKof12b7RW6jXr7tl6dNW16SXnv8xfbjC69sQw2QeiOZlp5tBXDh8Zf/93Pm80PM+K0Lr+zEYpn0EPdO3NcXX2z/9vGnSdR6dfHxlw9w6AXN+1nC0/v67XPnLlvMkPRwXvfgpDWOj+l4XzjwkpS/5G/9B70MxWJ3cMc3tLa+ggMYxl7kOg5ifbW27tAdxxFPFevlCY85TpNbr33x2zdweMLXZZ9iOXF1YX1w4jpxWL2BW9Dk8phy84T9rZp+iHt+yRsjw8sgUw+xwgxoHWL1nBOrxX268/Rznh+eqVs/pTugeYD9xj2sIO21eVB+im0vKPLW8b6O1yAHoLbT3Jw67YxOy6xzn+6Qg2cexzJyZ3Razvwy2xqdvBQN9zCjtu7THentsuephuGEdkCn2699+XgPh55tex6M+0m36Sqmq+IAUsftTl3cTCznx/4EV5xQ0mvaw5iuiAMct6zFfSwXFtfLMpkOY3qPZx83dfHTsN3mGma/vI02XjbfpeqNJtc+v/Dq4czT/t+vd5YQ0xUc+Hr7I+sPATtr69n/tzmutqeR99ZjcTDzlFWn3gbstLZfsK/VSG+DMd6f+WU2jOGl863rKuwFJxnNB4D9WqxmXuD404xF8+7MsWcGbfJg5mvGdA8gce9F+xrro3ugtl/94vPtmV9WYz7xsvn2ZUW8UHoZOvWjmdPQT6BjvD1z7LiJj2dOsrZYAayt785O3KbFOAR48vrFN2Z+WY35xMvm51mslwDTmA5nTtOpK0htzxz7VW04bpOsp8OZ0zzTps0A1WLluMW5yzOnycgSsLLJsAk5gNG+M3MavAM6fTJz7Fe1YZM4uguSd9eZdmZOkozrWELSWzPHflUbNqnFvnoAC4s7sdidOTb/Hmx72Lpe3QOdbrdZzRz7VW3LJpCs3zv+SfHgTpubSR+I7c9feX0Z3YbGPRnXPFfqV7JhE6jFKtZXqndbh0m3saMuJ91uHTb9kL5HPe9XtfzVf8c/ZtPX+6rT5cW03oZTflG76a+Y/5xjY+M72gzQxmaANjYDtLEZoI3NAG1sbAZoYzNAG5sB2tgM0MbGZoA2NgO0sRmgjc0AbWxsBmhjM0AbmwHa2AzQxsZmgDY2A7SxGaCNzQBt/OrKfOIs/XP//e0dIz9ylG0GR/nEV4sDHPq2HW7vmBY/ItvWHs0e4MBL16b0T/+Tndof899eN+XabFtTHTHFjA6m7HviBla+qd/e/sBkz5Q3TlhnpYs93PU76X/+vbetx03rMA1miqkf4Z7fYY//jz9geW6M6zDBtFCcd34PD/2Klfo7nNjuP7O0tfUTUy5rmMbTb+yZ6sjs+PKHuO2k/o9p27kf/ISx8+zQHJ+bDRo6Dny5voqV79Lh77d0ND59Zu0OmpUnj3+MQ75768PlnSa7hKYVk5EaV3Dge+yz8eu3Mo03iInZdPf7Pobx31t6nr9iHp7z4z69TGnRUhStJCiF4Ja6rjzjt88vXXj9p4YdbZnFc+shCNhxbuvfwdJ3rgRKgsLSeO3azHe1PvyD3pXuUo6LJHD0vRtT35HuVncTuzGWM9+n8fwNf9Bf8Tct1X26pBVEERREKBFP11w3jdlg5mfTtjHu4y1KBI/oDaa/0MgVna5hRWlR0kvOnb/Phe2ZbweB9mtDFB+YPt+e+S6SxU3HtaUgbf2iaoVq/SLa8nzpfc0SJFEkEQe4y7SSc9syvaPdFSQoQbNnAjdcfOWOqUsJBQ+cy3tYAUdwwPq237qwp65rS6LT0qI3cdW3rpVES0KLYHrDeO0D3PAtWz/6td2YlppKAj0+j6hfTEGJ1C+g4an+wL/qw+vS5QxQUkw3jPUV5472nT86cP6Ley58eZUnl8jK0wXJdR0/Ie8CJV15Mq54bDXzNVuP99SeiLYC2bXuzsyZAQGUogURumealjPfxphcJzIXiERpS/1iqiCoZqGd+T6N4wt/4F/xVy+N7oEgoHTPmGaTr7n41UpyxbACEZ2KiHdpBemnxrTjtS8PZ17odz26gQMBpIzFnZkzg0ArBXgkOJbFnZkzO/xd1+mSclxbVSp+caVpTUlYS2a+T1trAV5ZXLcuCVNJiU/EDaf1w0crv/HGFfFT7baMUISIYurfg4fOVK9K/hstUvqWqbvYd+aKBKXoXckHGiDdMY0dHPimDi8uxS6VplMatZ+M3YJQdYYeu7g9jN3wduVyMpZtMDrxMXnAdBsrJ3Tk4nUGsyMydLuaSKfK0HcqS7Y6mcIwjK4tPsE9L+hL53a2xtb705QdxrLS8kgWD9rexT6sjSVb7w/DkSkM+Y/92/6Ya3/u0rT4VMMUs+oILmHlLP1v2++Sf15HTKFhGjMf4V3fpv/9125p/rpZTIMpB7jiLH325lL7qWl46t9zRXPdNN42hY7oGdd89IM77dglKhirqdNV2br/1G3Wdeq38cNr7xxl3Kos27QZIYgea8igYw83PNfaK1MjFbropGFoQgfSSkgnCaPNXLOPq57ricWSc3cqOwwVjDbCOD6eTu3DSa5uWXQtB00wqjGGATtSTxXD/mw1cya/7+E96W1KQAXJOzpdnjmzhX2EEMQO4+2Zb4a2lLYCWPcGjYRAdnS8PfNCn/1gqXYDCEbtbUkDCKjTmrx2/WjkXllWiWipzgElAaR7E3dmnlZNi0JFCpFSIkJJQhAwfc0T5y8nW/9+2QGKEpQq0GZuOeR+5d1QRRuaQan3UUqQ1uTuzLeSvCvQ54w7M2e2/X88EAeUY+mVmW8EcSyO23JAZg1QTPszL7RwHdUWcNBMd0FbKtRpjQvXY7pumkQFCg6jn0QO2j5AtaKqBu/jpqcLAVpNZwntlNA5ZglQDfV8T5xbRn+i3gwgSYEpdNV2JYVqBTVdExKoYvxR1373tmGHEijJymI6mDmzn20ff6FZTxckl3Vcmzkz0z0pQNXbyjcCQgu0jlvkqkBJSZam7M18zW+9uiN9XxCh0u7OgEiq1cTJPba17NQ9SVDtLJ+FD4e+GdOPh6MrW45+XP11yaplNG2ayAeTaWdmMjnq0aUji0tr49cnuRRWVUnA4NqXvrr0ZR9f+qq99MR06UnX8/n6w5lji+QOlqJUgvbhMK6N9s2F6dI560u/1SdvVv8isiqEdkpbEGxZnN8xtZJoEfRj36b/4/UlvU4gtJJQqpKIv9vnX+zj0Fma3vxYABHtjmb7TM8Pijz/9j1a6dYeZlAyPpDFra+tO3LH1KASmezTh3CkCSB0arH2fBecv45WM2eSR5or+MRznfNk9aTTj3ntfjNdThdtmoWt6ziABSseO+5JX5GmTVPB9OiCxQp44qSOvLoz1Q6lCGpFrjCtPNU2h3y1j3tPvHoT7zdzBaqGuoygqJT4SDi78/elEQTxEV2hkgDedOG1mzNn8muHD3AoRVGSH82cCrQiCK2tI44dPb6NQwHotmn6YMaxx2MXS0EEHptuzMxsSQORSkR8rQtLsUtBiU43ePLJzEnOWR+y/jBNmylabS+ntmeeB4hC4wzV4oNEk5AmVb66wuPVzAscnvPFh20fhkoVMMSPBBoRcPTkwcyZ/OwH1+lSoCjT9KHkmghFCWKXaWfmbKwcl9BemjkVRE78OgguOpTe1pYSxDVffbWcMSPXKQpM3bvAambmSFMFWoNuSWeOYYcSiRaHiVszpzmfzw+aPkyRSGyv2Zl5HqAJsD4D8XbbqGpF7w6L1czpnhyW29ooUdSQvgUo4NC5xWrmGx1uL8ke9VQ3bFlZHH1EDwSBEnRxc+ZM0geCwGT21szpHgNaL+ro8S3xUAK0bzj3yvUZ47XrWAoSWOGuF5RQQkMdG8k7aRtaSUwfz5yF9mOBqgo/Cp4HTGkrqYXRmRfh3GXtmwENTPrRzFksjJ9WJQhJuoVLgggYXTlr58ZNUzFoSVaO7Dsu45p6ACgluayu4ZYzVRKEkaUz1RIU6vkuOvSFD+lPJETorvXigO5KqGpDb1hYeaqt9bmWThpVSY48W3S7EdBi/Bni06khw9SoIBgkKgjJNihJlKUTStC0RGGKU1p47Y0ppRVpNaxXztgWJtEitM2gbwClLTkkvtFnP3yfvgMUmKYbzq1XM2a2vvhEp1u0IpIZ5Lov18uZU8VD0FacvUAJRuKkXv3invaAAlSmfemSkkasLOzPPANtAUVt8Yy2SwUE6ZutZZIlliMzZnkr6ZIuw5JZuz1DtRNeoFVN4kw90UsKVBMpX61mzuLIOlKUFjUkkRJEmHyjRz9YSvcQgRIrW/ZnnjGObohHFAVi2ytbd2ZONU0VRChnLyJAkRJf094QKBrHBW112pv5Gt98TCMOg7SNgmi1TZUSpPFUqcYsAUlElvH1DRK0nOlTGAIpRfOKH74xcxYcgYRIgy2KAOpMjfV16/GWlCqhveqkLhwd+u0LH9I7QBGandkHuO1FDbRQSdQZa0EaTWmc1MXHB3779QOxoyqiUDI+tnDXCR09aRbSEpFo6/m6klxuG02Z/t1J7tBM1nSBCcN6xnHFoEdiYV0WfOaEqiJIVdamOKXhqwft+UoRpV/28Zt46EydpwXVVGxJV9olSGiWTuu3Ln6gdilCRLpv0QMv6oe/se/RD96X7khoCZo9T8ZHWDmpkcvWiGhLH/mmLuBJogBFvLCur7L4VBLtU4M63/6Ctqw7WSSiZsRzpVa0MlKSjj9kwV1qAY4cd85364nfj5Y0Gqy/4fHnVltoG1KaYbGDB75NiVSRoVao42JpOvrRzNc8emVJbwmiAlbavZlTbeUqPaTEsW1bvTNzovayACIyfTpzKtAKIOK0Lj5ekfckN8Tfw7QnvWphNXOip0qnOqG16SNJHJdeIm8TPzeJSLWCWLwx8yKvenJIPwmlSBvvzJxFbL2foCUiDMmBNIJAa2ztzTzjN19fOjfu03qm3rDow5lT/eBwhT2gBYq+TW9Sz/j81V2x1KkUGNPHM6eCCEgBR6e7eHjPxZ/t+eFs+2c3vPm/78+8yJFFQqlGhtZzbTk6oIcUBTXtP/ab2zPf5ImL7z/22nLmRdIeThpAw+XgNPQjRIQmtdO6NnOao77xfnVXC7SCYfgYBApR75rGHdPibV/Nvjx33Sv5qViKUCJM+8b/zZn82me3pQciWoKIKR+Y9+do7Hh8fsdXF64b65uUkQjSleSBs/8kmrZSv0dqzaq0Tq69pQRthbfOu3ifC8uZk21vj/H73Zxin8WdmReZ9JOESGmi70zWy5kXOXJ0S3ymQFXkJq55QZPXP6j1fpVEArST/Gf+dX/k3/Tn3tfsPP03NE+9XCemQWdr1REN01gZix089G36H95YGuO+KcunXtJTTUwDs3Voakpm1RFxFfu+qcMfLh2NTzUcH/O6vxsHfk4d/ffLnUXcJ3qsufL8Pn6L7Vdz4SetHUaJChmm9u5k8VE4hNh6q8PlaRq7jDdKZGhzCx86oSde2WXcIWRoRyceDjmYjIO1ZLA9cYh9gDr/QS1ulhDNoFFjRQ7WfLyQThaXsduM7TaeOv4SU5NBWBwdf31SQCkRxykBtCsdV6z7cOZb+f0OV3hPHFIgggo6EWgEQbqi+9Q3Q0BBElv8PG05QmnrlC5y2LqKlUg1VDWR90f8JMl9Gfeb7reuhTekgVTpu2xtzzzvnPU9spJoCxLLKXbDnaF3KjdjvD1zbDi6Te8GSRop0CXdXSR3yr70g+q2KkUPQJvOokbUf/EP/esrI9ekoahnSgGNMa0s1u8593g18538gf/jA+kVunJchEIpgcJDeoU6G2hFaAVH6czPDdI5AqFe0JbHK1xJe09ATvw5UlN1HGEy/ZN8/mMeHc6c4PCcxbtMh8AUraBpIOqkFr66Wr2taCMkgCqozKHBjS1jL6FASQdB/Bf/yL9813pxCQdGIhwDKXHP6BULD2Z+R/6QeYhy7ophX1qKPj9IB+oKVr5NSSgRsNXM/NxIG0laigZOG6KFL96bOl2VPBgUIihVaaD6SHur7RV6jVcOZ17ss0/WXfw4HAiRaqmCU4f7q2tr/YuqK60ZqAZC5w5qfYWjPUCDEJr85/51z/dHXHtnaeo7LN40jZry0PnFPRz6PdF/tlx64rLOpgErj88fYOX/hz3+9/6s5RNHl2PrsoEprTwcFg+eeLLC4Xda1++7HHp5srjM6OzhkWl1ZOvBN6/5+mXMspwwjBXjAWYv7v8Et4Nz+w5xmR4AAAAASUVORK5CYII=)"
      },
      {
        "platform": "news",
        "title": "싯가의 무서움도 이겨낸다는 금징어통찜. 이 가격이면.. 소고기 ...",
        "url": "https://www.tiktok.com/@fooditor/video/7338734943343873287",
        "snippet": "놉스(NOP'S)는 미국 3대 스테이크로 손꼽히는 울프강 스테이크하우스를 국내에 들여온 최채환 대표가 만든 세컨브랜드로 스테이크의 대중화를 선언",
        "score": 0.030309225,
        "timestamp": "2025-11-29T02:23:03.606544",
        "raw_content": null
      },
      {
        "platform": "news",
        "title": "수원 애견동반 고기",
        "url": "https://www.tiktok.com/discover/%EC%88%98%EC%9B%90-%EC%95%A0%EA%B2%AC%EB%8F%99%EB%B0%98-%EA%B3%A0%EA%B8%B0",
        "snippet": "Get the full app experience\n\nEnjoy more videos and great features on the app",
        "score": 0.02435111,
        "timestamp": "2025-11-29T02:23:03.606547",
        "raw_content": "Get the full app experience\n\nEnjoy more videos and great features on the app\n\n![](data:image/png;base64,iVBORw0KGgoAAAANSUhEUgAAAZAAAAJYCAYAAABM7LCIAAAACXBIWXMAAAsTAAALEwEAmpwYAAAAAXNSR0IArs4c6QAAAARnQU1BAACxjwv8YQUAAAgDSURBVHgB7dUxAQAgEACh1/6d1QreDCVY5xkA+LQHAAKBAJAIBIBEIAAkAgEgEQgAiUAASAQCQCIQABKBAJAIBIBEIAAkAgEgEQgAiUAASAQCQCIQABKBAJAIBIBEIAAkAgEgEQgAiUAASAQCQCIQABKBAJAIBIBEIAAkAgEgEQgAiUAASAQCQCIQABKBAJAIBIBEIAAkAgEgEQgAiUAASAQCQCIQABKBAJAIBIBEIAAkAgEgEQgAiUAASAQCQCIQABKBAJAIBIBEIAAkAgEgEQgAiUAASAQCQCIQABKBAJAIBIBEIAAkAgEgEQgAiUAASAQCQCIQABKBAJAIBIBEIAAkAgEgEQgAiUAASAQCQCIQABKBAJAIBIBEIAAkAgEgEQgAiUAASAQCQCIQABKBAJAIBIBEIAAkAgEgEQgAiUAASAQCQCIQABKBAJAIBIBEIAAkAgEgEQgAiUAASAQCQCIQABKBAJAIBIBEIAAkAgEgEQgAiUAASAQCQCIQABKBAJAIBIBEIAAkAgEgEQgAiUAASAQCQCIQABKBAJAIBIBEIAAkAgEgEQgAiUAASAQCQCIQABKBAJAIBIBEIAAkAgEgEQgAiUAASAQCQCIQABKBAJAIBIBEIAAkAgEgEQgAiUAASAQCQCIQABKBAJAIBIBEIAAkAgEgEQgAiUAASAQCQCIQABKBAJAIBIBEIAAkAgEgEQgAiUAASAQCQCIQABKBAJAIBIBEIAAkAgEgEQgAiUAASAQCQCIQABKBAJAIBIBEIAAkAgEgEQgAiUAASAQCQCIQABKBAJAIBIBEIAAkAgEgEQgAiUAASAQCQCIQABKBAJAIBIBEIAAkAgEgEQgAiUAASAQCQCIQABKBAJAIBIBEIAAkAgEgEQgAiUAASAQCQCIQABKBAJAIBIBEIAAkAgEgEQgAiUAASAQCQCIQABKBAJAIBIBEIAAkAgEgEQgAiUAASAQCQCIQABKBAJAIBIBEIAAkAgEgEQgAiUAASAQCQCIQABKBAJAIBIBEIAAkAgEgEQgAiUAASAQCQCIQABKBAJAIBIBEIAAkAgEgEQgAiUAASAQCQCIQABKBAJAIBIBEIAAkAgEgEQgAiUAASAQCQCIQABKBAJAIBIBEIAAkAgEgEQgAiUAASAQCQCIQABKBAJAIBIBEIAAkAgEgEQgAiUAASAQCQCIQABKBAJAIBIBEIAAkAgEgEQgAiUAASAQCQCIQABKBAJAIBIBEIAAkAgEgEQgAiUAASAQCQCIQABKBAJAIBIBEIAAkAgEgEQgAiUAASAQCQCIQABKBAJAIBIBEIAAkAgEgEQgAiUAASAQCQCIQABKBAJAIBIBEIAAkAgEgEQgAiUAASAQCQCIQABKBAJAIBIBEIAAkAgEgEQgAiUAASAQCQCIQABKBAJAIBIBEIAAkAgEgEQgAiUAASAQCQCIQABKBAJAIBIBEIAAkAgEgEQgAiUAASAQCQCIQABKBAJAIBIBEIAAkAgEgEQgAiUAASAQCQCIQABKBAJAIBIBEIAAkAgEgEQgAiUAASAQCQCIQABKBAJAIBIBEIAAkAgEgEQgAiUAASAQCQCIQABKBAJAIBIBEIAAkAgEgEQgAiUAASAQCQCIQABKBAJAIBIBEIAAkAgEgEQgAiUAASAQCQCIQABKBAJAIBIBEIAAkAgEgEQgAiUAASAQCQCIQABKBAJAIBIBEIAAkAgEgEQgAiUAASAQCQCIQABKBAJAIBIBEIAAkAgEgEQgAiUAASAQCQCIQABKBAJAIBIBEIAAkAgEgEQgAiUAASAQCQCIQABKBAJAIBIBEIAAkAgEgEQgAiUAASAQCQCIQABKBAJAIBIBEIAAkAgEgEQgAiUAASAQCQCIQABKBAJAIBIBEIAAkAgEgEQgAiUAASAQCQCIQABKBAJAIBIBEIAAkAgEgEQgAiUAASAQCQCIQABKBAJAIBIBEIAAkAgEgEQgAiUAASAQCQCIQABKBAJAIBIBEIAAkAgEgEQgAiUAASAQCQCIQABKBAJAIBIBEIAAkAgEgEQgAiUAASAQCQCIQABKBAJAIBIBEIAAkAgEgEQgAiUAASAQCQCIQABKBAJAIBIBEIAAkAgEgEQgAiUAASAQCQCIQABKBAJAIBIBEIAAkAgEgEQgAiUAASAQCQCIQABKBAJAIBIBEIAAkAgEgEQgAiUAASAQCQCIQABKBAJAIBIBEIAAkAgEgEQgAiUAASAQCQCIQABKBAJAIBIBEIAAkAgEgEQgAiUAASAQCQCIQABKBAJAIBIBEIAAkAgEgEQgAiUAASAQCQCIQABKBAJAIBIBEIAAkAgEgEQgAiUAASAQCQCIQABKBAJAIBIBEIAAkAgEgEQgAiUAASAQCQCIQABKBAJAIBIBEIAAkAgEgEQgAiUAASAQCQCIQABKBAJAIBIBEIAAkAgEgEQgAiUAASAQCQCIQABKBAJAIBIBEIAAkAgEgEQgAiUAASAQCQCIQABKBAJAIBIBEIAAkAgEgEQgAiUAASAQCQCIQABKBAJAIBIBEIAAkAgEgEQgAiUAASAQCQCIQABKBAJAIBIBEIAAkAgEgEQgAiUAASAQCQCIQABKBAJAIBIBEIAAkAgEgEQgAiUAASAQCQCIQABKBAJAIBIBEIAAkAgEgEQgAiUAASAQCQCIQABKBAJAIBIBEIAAkAgEgEQgAiUAASAQCQCIQABKBAJAIBIBEIAAkAgEgEQgAiUAASC5bvQisEb/AHgAAAABJRU5ErkJggg==)\n![](/node/extra/api/monitor/collect?event=t0&header=%7B%22device%22%3A%22mobile%22%2C%22launch_mode%22%3A%22direct%22%7D¶ms=%7B%22page_name%22%3A%22discover_kw%22%7D)"
      },
      {
        "platform": "news",
        "title": "30년동안 떡만 만드셨다구요?🥹 명절 전이라 청량리시장에 떡국 ...",
        "url": "https://www.tiktok.com/@user836814007223/video/7464757941577583879",
        "snippet": "30년동안 떡만 만드셨다구요? 명절 전이라 청량리시장에 떡국떡 사러 갔는데 새벽부터 웨이팅 실화냐구요! 여긴 청량리 시장에서 제일 유명한 떡집인데",
        "score": 0.020040736,
        "timestamp": "2025-11-29T02:23:03.606552",
        "raw_content": null
      },
      {
        "platform": "blog",
        "title": "집에서 즐기는 인생 스테이크! 고기오빠 정육점 한우 안심 솔직 ...",
        "url": "https://m.blog.naver.com/eunae1358/223972682269",
        "snippet": "​🥩 집에서 즐기는 인생 스테이크! 고기오빠 정육점 한우 안심 솔직 후기 (ft. 200g의 행복) : 네이버 블로그\n\nImage 1Image 2\n\n본문 바로가기\n\n블로그\n\n카테고리 이동슈리와 함께하는 즐거움\n\n검색MY메뉴 열기\n\nImage 3\n\n뷰티 및 상품\n\n​🥩 집에서 즐기는 인생 스테이크! 고기오빠 정육점 한우 안심 솔직 후기 (ft. 200g의 행복)\n\nImage 4: 프로필\n\n슈리\n\n2025. 8. 16. 21:59\n\n이웃추가\n\n본문 기타 기능\n\n   본문 폰트 크기 조정본문 폰트 크기 작게 보기 본문 폰트 크기 크게 보기 가\n   공유하기\n   URL복사\n   신고하기\n\n이 포스팅은 제품을 무상으로 받아 작성하였습니다\n\n​\n\n​안녕하세요, 슈리맘이에요~\n\n오늘은 정말 특별한 구매 후기를 들고 왔어요.\n\n바로 고기오빠 정육점에서 주문한 한우 안심 덕분에 집에서 근사한 한 끼를 즐겼는데요!\n\n솔직히 온라인으로 소고기를 주문한다는 게 한편으로는 좀 걱정이 되기도 했거든요. [...] Image 15\n\nImage 16\n\n팬을 뜨겁게 달구고 고기를 올리자 \"치이익-\" 하는 소리와 함께 고소한 냄새가 온 집안에 퍼졌어요.\n\n이 소리와 냄새만으로도 이미 맛있는 거 아시죠?\n\n겉바속촉으로 미디엄으로 구웠더니 완벽한 스테이크가 완성되었습니다.\n\n역시 좋은 재료에 좋은 양념이 더해지니 최고의 맛이었답니다~\n\n​\n\n​인생 스테이크! 입에서 살살 녹는 부드러움😋\n\nImage 17\n\n\",\"source\":\" 함..\",\"domainIdOrBlogId\":\"eunae1358\",\"nicknameOrBlogId\":\"슈리\",\"logNo\":223972682269,\"smartEditorVersion\":4,\"blogDisplay\":true,\"meDisplay\":true,\"lineDisplay\":true,\"outsideDisplay\":true,\"cafeDisplay\":true}\n\n닫기\n\n카테고리\n\n이 블로그 홈\n\n슈리(eunae1358)님을 이웃추가하고 새글을 받아보세요\n\n취소이웃추가 [...] 선홍빛의 먹음직스러운 색상이 눈에 들어왔어요. 촘촘하게 박혀 있는 마블링과 한눈에 봐도 부드러워 보이는 결이 정말 예술이었죠.\n\n제가 주문한 고기오빠 한우 안심은 집에서 혼자 먹기에도, 둘이서 맛보기에도 딱 좋은 양이었어요.\n\n정육점에서 직접 썰고 손질해서 그런지 더이상의 손질은 필요없다!\n\nImage 11\n\nImage 12\n\n두께도 적당해서 스테이크로 굽기 최적의 상태였죠.\n\n밖에서 먹는 비싼 스테이크가 저리가라!\n\n부럽지 않은 완벽한 비주얼이었습니다.\n\n이런 신선한 한우 안심을 집에서 편히 받을 수 있다니, 순이 데리고 나갈 수 없는 상황을 배려한 듯 했답니다.\n\n​\n\n최고의 셰프! 마법 같은 허브시즈닝과 참소스 🧂\n\nImage 13\n\nImage 14\n\n​고기오빠의 센스는 여기서 끝이 아니었어요. 고기와 함께 특별한 허브시즈닝과 참소스를 보내줬거든요.\n\n덕분에 따로 소스를 준비할 필요 없이 간편해요.\n\n저는 고기 굽기 30분 전에 올리브유, 허브시즈닝을 뿌려 밑간을 해뒀어요.",
        "score": 0.4883572,
        "timestamp": "2025-11-29T02:23:19.243962",
        "raw_content": "​🥩 집에서 즐기는 인생 스테이크! 고기오빠 정육점 한우 안심 솔직 후기 (ft. 200g의 행복) : 네이버 블로그\n\n===============\n\n![Image 1](https://ssl.pstatic.net/static/blog/sp_blog72.png)![Image 2](https://ssl.pstatic.net/static/blog/sp_blog_se3_6.png)\n\n[본문 바로가기](https://m.blog.naver.com/eunae1358/223972682269#ct)\n\n[블로그](https://m.blog.naver.com/Recommendation.naver)\n====================================================\n\n[카테고리 이동](https://m.blog.naver.com/eunae1358/223972682269#)[슈리와 함께하는 즐거움](https://m.blog.naver.com/PostList.naver?blogId=eunae1358)\n-----------------------------------------------------------------------------------------------------------------------------------\n\n[검색](https://m.blog.naver.com/PostSearchList.naver?blogId=eunae1358)MY메뉴 열기\n\n![Image 3](https://mblogthumb-phinf.pstatic.net/MjAyNTA4MTVfMTc0/MDAxNzU1MjU1ODk4NTE1.86VmCqzWPLADfIRMpNG-kmZTaqUmIbzy9DBtkRG-qKgg.LHqmK0BE5ID-9rKfRGI-jLe8AYtkPS84V44TBltDQWMg.JPEG/900%EF%BC%BF20250813%EF%BC%BF182124.jpg?type=w800)\n\n[뷰티 및 상품](https://m.blog.naver.com/PostList.naver?blogId=eunae1358&categoryNo=21&logCode=0&categoryName=%EB%B7%B0%ED%8B%B0+%EB%B0%8F+%EC%83%81%ED%92%88#postlist_block)\n\n​🥩 집에서 즐기는 인생 스테이크! 고기오빠 정육점 한우 안심 솔직 후기 (ft. 200g의 행복)\n\n[![Image 4: 프로필](https://blogpfthumb-phinf.pstatic.net/20161017_188/eunae1358_1476696149503gTDpO_JPEG/profileImage.jpg?type=s1)](https://m.blog.naver.com/PostList.naver?blogId=eunae1358)\n\n[**슈리**](https://m.blog.naver.com/PostList.naver?blogId=eunae1358)\n\n2025. 8. 16. 21:59\n\n[이웃추가](https://m.blog.naver.com/eunae1358/223972682269#)\n\n본문 기타 기능\n\n*   **본문 폰트 크기 조정**본문 폰트 크기 작게 보기 본문 폰트 크기 크게 보기 가\n*   [공유하기](https://m.blog.naver.com/eunae1358/223972682269#)\n*   [URL복사](https://m.blog.naver.com/eunae1358/223972682269#)\n*   [신고하기](https://m.blog.naver.com/eunae1358/223972682269#)\n\n이 포스팅은 제품을 무상으로 받아 작성하였습니다\n\n​\n\n​안녕하세요, 슈리맘이에요~\n\n오늘은 정말 특별한 구매 후기를 들고 왔어요.\n\n바로 고기오빠 정육점에서 주문한 한우 안심 덕분에 집에서 근사한 한 끼를 즐겼는데요!\n\n솔직히 온라인으로 소고기를 주문한다는 게 한편으로는 좀 걱정이 되기도 했거든요.\n\n신선할지, 맛은 어떨지 등 걱정 반, 기대 반이었어요. 그런데, 결과는 대만족!\n\n왜 다들 고기오빠를 추천하는지 알겠더라구요.\n\n​\n\n​**고민 해결! 여름에도 안심하고 받는 신선한 포장 택배 📦**\n\n[![Image 5](https://mblogthumb-phinf.pstatic.net/MjAyNTA4MTZfMjA3/MDAxNzU1MjkzMzY1MjA2.orq7k5_rARo12tQIIqNE-pKGG4lT1WUKAqaQDM1rJHAg.kU9ofFhuYU4864wmvtgZpeXPBZG6wwGLzvKK094zE1sg.JPEG/900%EF%BC%BF1755293363147.jpg?type=w800)](https://m.blog.naver.com/eunae1358/223972682269#)\n\n[![Image 6](https://mblogthumb-phinf.pstatic.net/MjAyNTA4MTZfNjIg/MDAxNzU1MjkzMzY2MTEw.VmbaJuDUq9BBOwDiyyOLonxHEC00KceeFqqkGohu2YYg.FKw_NvFXQwiGmYeD1xVX8VImfEZXhLncr6SxhbjeIDwg.JPEG/900%EF%BC%BF20250813%EF%BC%BF132540.jpg?type=w400)](https://m.blog.naver.com/eunae1358/223972682269#)\n\n​택배가 도착했을 때부터 기분이 좋았어요.\n\n튼튼한 스티로폼 박스에 꼼꼼하게 테이핑이 되어 있었거든요.\n\n박스를 열어보니 두툼한 프리미엄 아이스팩이 들어있었어요. 아이스팩에도 프리미엄이라고 적혀있더라구용\n\n[![Image 7](https://mblogthumb-phinf.pstatic.net/MjAyNTA4MTZfMzYg/MDAxNzU1MjkzMzk2NzA0._IhoKHrf24EITDPSYscV9TPpn4mRsQCoGfWXwBk6CEUg.4zjGAcq9lWTSpQ6gMprRZ-G6gb5djF1tuwoQuqPQPaUg.JPEG/900%EF%BC%BF1755293394683.jpg?type=w800)](https://m.blog.naver.com/eunae1358/223972682269#)\n\n[![Image 8](https://mblogthumb-phinf.pstatic.net/MjAyNTA4MTZfMTY2/MDAxNzU1MjkzMzk3NTMx.QsND2kZnWyN_dvRnEqvAchdA4u-AnexdzmB36dPl83Qg.odvDici1ljMqIVYdVrW7uMFwPbMUCe5tV7kvkrHEmFEg.JPEG/900%EF%BC%BF20250813%EF%BC%BF132610.jpg?type=w400)](https://m.blog.naver.com/eunae1358/223972682269#)\n\n제가 주문한 한우 안심은 물론,\n\n서비스로 받은 소스까지 완벽하게 차가운 상태였답니다.\n\n특히 무덥다못해 뜨거운 여름 날씨에 고기 배송이 좀 찝찝했는데\n\n고기오빠는 그런 걱정을 완벽하게 날려줬어요. 신선함에 대한 자부심이 느껴지는 포장이었습니다.\n\n​\n\n​**이것이 한우 안심! 입맛up 비주얼 ✨**\n\n[![Image 9](https://mblogthumb-phinf.pstatic.net/MjAyNTA4MTZfMjA5/MDAxNzU1MjkzNDE4NDUy.8Wbj1x3MgdDZATspKnRP_gCdzsIpAtEqcDvOdyhDtAIg.ygFtusScrcmMUCjGkvTwhyxabI8jHugqM8rzW-OcXj0g.JPEG/900%EF%BC%BF20250813%EF%BC%BF132616.jpg?type=w400)](https://m.blog.naver.com/eunae1358/223972682269#)\n\n[![Image 10](https://mblogthumb-phinf.pstatic.net/MjAyNTA4MTZfMTIg/MDAxNzU1MjkzNDE5NTgx.DOcGgciq6S5YRRUnhhb1HZFTnOJBdVqdtU7QDlW9I-Eg.7yjkUzyWgrs_NnuCBAwyDwaDZwbGKZymwH1WvRJa_28g.JPEG/900%EF%BC%BF20250813%EF%BC%BF132613.jpg?type=w400)](https://m.blog.naver.com/eunae1358/223972682269#)\n\n​포장을 뜯는 순간,\n\n선홍빛의 먹음직스러운 색상이 눈에 들어왔어요. 촘촘하게 박혀 있는 마블링과 한눈에 봐도 부드러워 보이는 결이 정말 예술이었죠.\n\n제가 주문한 고기오빠 한우 안심은 집에서 혼자 먹기에도, 둘이서 맛보기에도 딱 좋은 양이었어요.\n\n정육점에서 직접 썰고 손질해서 그런지 더이상의 손질은 필요없다!\n\n[![Image 11](https://mblogthumb-phinf.pstatic.net/MjAyNTA4MTZfMjI0/MDAxNzU1MjkzNDQyMTgx.s4yD7FaX0HtNB2-8E_yivdyihA6WpeTsxlvxeN44dIog.JMgfOLHkV630bekFJ3JH52hJFysZJqD_qZ65L9D7nLUg.JPEG/900%EF%BC%BF20250813%EF%BC%BF132617.jpg?type=w400)](https://m.blog.naver.com/eunae1358/223972682269#)\n\n[![Image 12](https://mblogthumb-phinf.pstatic.net/MjAyNTA4MTZfMzAw/MDAxNzU1MjkzNDQzMTcy.P2HP0nbv1zkgm-FulObFikHoMMtirbx7tYjG1BWjmnAg.w-bvvz6XWN3FH-YTO8W6J-XTITfdSwB2wINS5sY---gg.JPEG/900%EF%BC%BF20250813%EF%BC%BF132621.jpg?type=w400)](https://m.blog.naver.com/eunae1358/223972682269#)\n\n두께도 적당해서 스테이크로 굽기 최적의 상태였죠.\n\n밖에서 먹는 비싼 스테이크가 저리가라!\n\n부럽지 않은 완벽한 비주얼이었습니다.\n\n이런 신선한 한우 안심을 집에서 편히 받을 수 있다니, 순이 데리고 나갈 수 없는 상황을 배려한 듯 했답니다.\n\n​\n\n**최고의 셰프! 마법 같은 허브시즈닝과 참소스 🧂**\n\n[![Image 13](https://mblogthumb-phinf.pstatic.net/MjAyNTA4MTZfMTkg/MDAxNzU1MjkzNDY1MTMz.irXF__UlnYtG4KkqODY5qgyXwqUg7n30RAjSVT15Fhog.6XdWGjC4F9_OeKC_CBEQow3sU2jDKOKY_rk3ySTK-Zog.JPEG/900%EF%BC%BF20250813%EF%BC%BF132643.jpg?type=w80_blur)](https://m.blog.naver.com/eunae1358/223972682269#)\n\n[![Image 14](https://mblogthumb-phinf.pstatic.net/MjAyNTA4MTZfNyAg/MDAxNzU1MjkzNDY1OTgy.POQ1-UBpCaC3qMbOH16VoOQ19KjGAbmlEU6uF7LTt7gg.5nMm95OeeGRd2ImGAvNvooplmTyCwT6k38qqM7eV3UQg.JPEG/900%EF%BC%BF20250813%EF%BC%BF132629.jpg?type=w80_blur)](https://m.blog.naver.com/eunae1358/223972682269#)\n\n​고기오빠의 센스는 여기서 끝이 아니었어요. 고기와 함께 특별한 허브시즈닝과 참소스를 보내줬거든요.\n\n덕분에 따로 소스를 준비할 필요 없이 간편해요.\n\n저는 고기 굽기 30분 전에 올리브유, 허브시즈닝을 뿌려 밑간을 해뒀어요.\n\n[![Image 15](https://mblogthumb-phinf.pstatic.net/MjAyNTA4MTZfMTU1/MDAxNzU1MjkzNDkxODM4.V7MQBBax7ChTrUgli_6UiSptjWVbykQJ3osTD5kNEEAg.XMtX1OU2RW-dBJycYhgCKgkwKM8pa0xk7EPZBIRCuuIg.JPEG/900%EF%BC%BF20250813%EF%BC%BF132639.jpg?type=w80_blur)](https://m.blog.naver.com/eunae1358/223972682269#)\n\n[![Image 16](https://mblogthumb-phinf.pstatic.net/MjAyNTA4MTZfMjA2/MDAxNzU1MjkzNDkyNzIy.2FeRH7WXOUC55WEFm2IguUFKK0JrqHw5vpx19cla5U8g.70jA0LPEKL18aAvpfT5jiD024GWAWwW3b8ZKwA5mCPog.JPEG/900%EF%BC%BF20250813%EF%BC%BF132635.jpg?type=w80_blur)](https://m.blog.naver.com/eunae1358/223972682269#)\n\n팬을 뜨겁게 달구고 고기를 올리자 \"치이익-\" 하는 소리와 함께 고소한 냄새가 온 집안에 퍼졌어요.\n\n이 소리와 냄새만으로도 이미 맛있는 거 아시죠?\n\n겉바속촉으로 미디엄으로 구웠더니 완벽한 스테이크가 완성되었습니다.\n\n역시 좋은 재료에 좋은 양념이 더해지니 최고의 맛이었답니다~\n\n​\n\n​**인생 스테이크! 입에서 살살 녹는 부드러움😋**\n\n[![Image 17](https://mblogthumb-phinf.pstatic.net/MjAyNTA4MTZfMTE1/MDAxNzU1MjkzNTQyNzQ3.2C2t50U4EcI5uWJCPvRyoFVbTloBjSKNA7bukddwpvUg.3434tujOS_VwEkjRY3qEsY1wbbBOgcbf0YtvII1nAKgg.JPEG/900%EF%BC%BF1755293394683.jpg?type=w80_blur)](https://m.blog.naver.com/eunae1358/223972682269#)\n\n[](https://m.blog.naver.com/eunae1358/223972682269#)\n\n​드디어 기다리고 기다리던 시식 시간!\n\n한 점을 잘라 입에 넣는 순간,\n\n\"와...\" 하는 감탄사가 절로 나왔어요.\n\n입에서 살살 녹는다는 말이 이거구나 싶었거든요.\n\n[![Image 18](https://mblogthumb-phinf.pstatic.net/MjAyNTA4MTZfMjM0/MDAxNzU1MjkzNjA4NzQz.OUN98QKrnOzT-nQpJjUzAoQZr1sen5w3K4ybUB1Rscsg.R0Q1emxMDY7-F352kFc9xs5_Mv0CUN_AJluTxN610V8g.JPEG/900%EF%BC%BF20250813%EF%BC%BF181905.jpg?type=w80_blur)](https://m.blog.naver.com/eunae1358/223972682269#)\n\n[](https://m.blog.naver.com/eunae1358/223972682269#)\n\n겉은 완벽하게 시어링되어 바삭한 식감을 선사하고, 속은 부드러운 육즙이 가득했어요. 씹을수록 진한 고기 풍미가 입안 가득 퍼지는데, 정말 행복 그 자체였어요.\n\n[![Image 19](https://mblogthumb-phinf.pstatic.net/MjAyNTA4MTZfMTc5/MDAxNzU1MjkzNjQ3NTcw.Rm488rrGovNr8TnY1_t1_pVH1BELd-6Mivdbd_QxhMQg.ybJ8H_SQem66X8U5PJJoONepatXTVs3Un4ztac1JDvQg.JPEG/900%EF%BC%BF20250813%EF%BC%BF182115.jpg?type=w80_blur)](https://m.blog.naver.com/eunae1358/223972682269#)\n\n[![Image 20](https://mblogthumb-phinf.pstatic.net/MjAyNTA4MTZfNjUg/MDAxNzU1MjkzNjQ4NjM2.DaWDW7qP3oXVMJu5joSRpn5g4LqUVsLA_8bGLwmRrAkg.7Or4wuO2Eyjqx_Ol6z23BXbRt8zunGZEg2yWKM86FYMg.JPEG/900%EF%BC%BF20250813%EF%BC%BF182124.jpg?type=w80_blur)](https://m.blog.naver.com/eunae1358/223972682269#)\n\n함께 구운 양파와 마늘, 그리고 곁들인 샐러드와 함께 먹으니 훌륭한 멋진 저녁메뉴가 되었죠.\n\n이제 굳이 비싼 돈 주고 레스토랑에 갈 필요가 없을 것 같아요. 집에서도 이런 퀄리티의 스테이크를 만들 수 있으니 말이죠!\n\n​\n\n​**총평: 믿고 먹는 고기오빠 한우 안심! 💖**\n\n[![Image 21](https://mblogthumb-phinf.pstatic.net/MjAyNTA4MTZfMTE0/MDAxNzU1MjkzNjkwOTQ0.y9VIUPnqD_d4iJm64PX0M52KGfG1lilUzQAK005BQSEg.-ah37WBSFVzF4j4Ho89IPeSNL6XlmxiGGRNnv6278bMg.JPEG/900%EF%BC%BF20250813%EF%BC%BF182121.jpg?type=w80_blur)](https://m.blog.naver.com/eunae1358/223972682269#)\n\n[](https://m.blog.naver.com/eunae1358/223972682269#)\n\n​네이버쇼핑 고기오빠에서 주문한 한우 안심은 제게 인생 스테이크를 선물해줬어요.\n\n신선한 배송부터 훌륭한 품질, 그리고 입에서 살살 녹는 부드러운 맛까지.\n\n어느 것 하나 부족함이 없었습니다.\n\n[![Image 22](https://mblogthumb-phinf.pstatic.net/MjAyNTA4MTZfMjc0/MDAxNzU1MjkzNzQyNTQy.H24yyXCj2rYIK6wapLz2HYh3qYl9Tji-lIpVnsDP93gg.4LoPrI8Vg2hAdMWNlFY4yXH-LvcZAxvhDrlpo3U0Nfcg.JPEG/900%EF%BC%BF20250813%EF%BC%BF182558.jpg?type=w80_blur)](https://m.blog.naver.com/eunae1358/223972682269#)\n\n[](https://m.blog.naver.com/eunae1358/223972682269#)\n\n집에서 간편하게 근사한 요리를 하고 싶은 분들, 믿을 수 있는 한우 안심을 찾고 계신 분들에게 정말 강력하게 추천하고 싶어요.\n\n다음번에는 다른 부위도 꼭 먹어볼 생각입니다. 여러분도 고기오빠와 함께 맛있는 식탁을 만들어보세요!\n\n[![Image 23](https://dthumb-phinf.pstatic.net/?src=%22https%3A%2F%2Fshop-phinf.pstatic.net%2F20250727_3%2F1753599227671q3dm3_PNG%2F63729689356499167_1704118230.png%3Ftype%3Do1000%22&type=ff500_300)](https://smartstore.naver.com/gogioppa/products/12022997154)[**명품 한우 투뿔 소고기 안심 스테이크 200g : 고기오빠 정육점** [고기오빠 정육점] 신선함이 남다르다! 꼼꼼한 정육의 기준! 직접 썰어 더욱 맛있어요~ smartstore.naver.com](https://smartstore.naver.com/gogioppa/products/12022997154)\n\n​#고기오빠#한우안심#네이버쇼핑#스테이크맛집#한우택배#소고기맛집#집밥#홈쿡#오늘저녁메뉴#한우선물#한우안심스테이크#고기오빠후기#네이버스토어#주말요리#고기요리\n\n{\"title\":\"​🥩 집에서 즐기는 인생 스테이크! 고기오빠 정육점 한우 안심 솔직 후기 (ft. 200g의 행복)\",\"source\":\"https://blog.naver.com/eunae1358/223972682269\",\"blogName\":\"슈리와 함..\",\"domainIdOrBlogId\":\"eunae1358\",\"nicknameOrBlogId\":\"슈리\",\"logNo\":223972682269,\"smartEditorVersion\":4,\"blogDisplay\":true,\"meDisplay\":true,\"lineDisplay\":true,\"outsideDisplay\":true,\"cafeDisplay\":true}\n\n[닫기](https://m.blog.naver.com/eunae1358/223972682269#)\n\n카테고리\n----\n\n[이 블로그 홈](https://m.blog.naver.com/eunae1358)\n\n**슈리(eunae1358)**님을 이웃추가하고 새글을 받아보세요\n\n[취소](https://m.blog.naver.com/eunae1358/223972682269#)[이웃추가](https://m.blog.naver.com/eunae1358/223972682269#)"
      },
      {
        "platform": "blog",
        "title": "최고급 한우스테이크를 집에서~ 쉐프의 정육점 대치점에 다녀 ...",
        "url": "https://m.blog.naver.com/guebyul/221590758387",
        "snippet": "먹음직 스러운 것 같아요~\n\n​\n\n​\n\n​\n\nImage 38\n\n겉면을 돌려가며 노릇노릇하게 익혀주세요.\n\n​\n\n​\n\n​\n\n​\n\n​\n\nImage 39\n\n쿠킹키트에 들어있는 버터를 올려\n\n버터 향을 더해주면\n\n맛있는 한우 등심 스테이크 완성이에요!\n\n​\n\n​\n\n​\n\n​\n\n​\n\n​\n\n​\n\n​\n\nImage 40\n\n먹기 좋게 구운 야채와\n\n잘 익은 스테이크를 함께 올리고\n\n트러플치즈를 곁들여 먹어요!\n\n​\n\n​\n\n​\n\n​\n\nImage 41\n\nImage 42\n\n미디엄레어로 익힌 최고급 한우 스테이크!\n\n역시 쉐프의 정육점이라 그 맛이 아주 고퀄리티에요~\n\n​\n\n​\n\nImage 43\n\n한 입 맛볼때마다 탄성이 나오네요~\n\n​\n\n​\n\n​\n\n​\n\n​\n\nImage 44\n\n너무너무 부드러우면서도\n\n육즙이 가득한 맛이\n\n정말 최고급 한우등심 답네요~\n\n​\n\n​\n\n​\n\n​\n\nImage 45\n\n트러플 크림과 함께 먹으면\n\n고급 레스토랑 부럽지 않아요~\n\n​\n\n​\n\n​\n\n​\n\n​\n\n​\n\n​ [...] 최고급 한우스테이크를 집에서~ 쉐프의 정육점 대치점에 다녀왔어요~ : 네이버 블로그\n\nImage 1Image 2\n\n로그인이 필요합니다.\n   내소식\n   이웃목록\n   통계\n   클립만들기\n   글쓰기\n\n_My Menu 닫기_\n\n내 체크인최근 본 글내 동영상내 클립\n\n  \n\n내 상품 관리 NEW마켓 플레이스 NEW장바구니마켓 구매내역\n\n  \n\n블로그팀 공식블로그 NEW이달의 블로그공식 블로그블로그 앱\n\n  \n\n로그인PC버전으로 보기블로그 고객센터\n\nImage 3: 섬네일\n\nⓒ NAVER Corp.\n\n본문 바로가기\n\n블로그\n\n카테고리 이동그별의 식탁\n\n검색MY메뉴 열기\n\nImage 4\n\n맛집\n\n최고급 한우스테이크를 집에서~ 쉐프의 정육점 대치점에 다녀왔어요~\n\nImage 5: 프로필\n\n그별\n\n2019. 7. 30. 10:57\n\n이웃추가\n\n본문 기타 기능\n\n   본문 폰트 크기 조정본문 폰트 크기 작게 보기 본문 폰트 크기 크게 보기 가\n   공유하기\n   URL복사\n   신고하기 [...] Image 16\n\n쉐프의 정육점의 자랑인\n\n'워터에이징 한우'가 만들어지는 모습도\n\n매장에서 생생하게 만나 볼 수 있어요!\n\n​\n\n​\n\n​\n\n​\n\nImage 17Image 18\n\n고기를 손질해 주시는 동안,\n\n매장에 진열되어 있는 고기들을 구경하는데도\n\n시간가는 줄 모르겠더라구요~\n\n​\n\n​\n\n​\n\n​\n\n​\n\nImage 19\n\n좋은 부위로 포장해주셔서 가지고 온\n\n한우 등심 스테이크에요!\n\n​\n\n깔끔하게 진공포장되어 예쁘게 담겨져 있어요!\n\n​\n\n​\n\nImage 20\n\nImage 21\n\n아스파라거스와 로즈마리,\n\n양송이버섯, 파프리카 등\n\n고기와 함께 곁들이면 좋을 야채들도 손질되어 있어요\n\n​\n\n​\n\n​\n\n​\n\n​\n\nImage 22\n\n제가 너무 좋아하는 트러플 크림까지~\n\n트러플크림은 고기와 함께 먹으면 정말 예술이에요!\n\n​\n\n​\n\nImage 23\n\n마리네이드 할 오일과 소금까지!\n\n예쁜 병에 담겨 있어 휴대하기도 좋고\n\n모양도 너무 예뻐요!\n\n​\n\n​\n\n​\n\n​",
        "score": 0.39550823,
        "timestamp": "2025-11-29T02:23:19.243974",
        "raw_content": "최고급 한우스테이크를 집에서~ 쉐프의 정육점 대치점에 다녀왔어요~ : 네이버 블로그\n\n===============\n\n![Image 1](https://ssl.pstatic.net/static/blog/sp_blog72.png)![Image 2](https://ssl.pstatic.net/static/blog/sp_blog_se3_6.png)\n\n[로그인이 필요합니다.](https://m.blog.naver.com/guebyul/221590758387#)\n*   [내소식](https://m.blog.naver.com/News.naver)\n*   [이웃목록](https://m.blog.naver.com/GoMyBuddyList.naver)\n*   [통계](https://m.blog.naver.com/BlogStat.naver)\n*   [클립만들기](https://m.blog.naver.com/guebyul/221590758387)\n*   [글쓰기](https://m.blog.naver.com/guebyul/221590758387)\n\n[_My Menu 닫기_](https://m.blog.naver.com/guebyul/221590758387)\n\n[내 체크인](https://m.blog.naver.com/CheckIn.naver)[최근 본 글](https://m.blog.naver.com/ReadHistoryList.naver)[내 동영상](https://m.blog.naver.com/MyVideo.naver)[내 클립](https://m.blog.naver.com/ClipList.naver)\n\n* * *\n\n[내 상품 관리 NEW](https://m.blog.naver.com/guebyul/221590758387)[마켓 플레이스 NEW](https://m.blog.naver.com/MarketPlace.naver)[장바구니](https://m.blog.naver.com/Cart.naver)[마켓 구매내역](https://new-m.pay.naver.com/historybenefit/paymenthistory)\n\n* * *\n\n[블로그팀 공식블로그 NEW](https://m.blog.naver.com/PostList.naver?blogId=blogpeople)[이달의 블로그](https://m.blog.naver.com/PopularBlog.naver)[공식 블로그](https://m.blog.naver.com/OfficialBlog.naver)[블로그 앱](https://m.blog.naver.com/guebyul/221590758387)\n\n* * *\n\n[로그인](https://m.blog.naver.com/guebyul/221590758387)[PC버전으로 보기](https://blog.naver.com/guebyul/221590758387?viewType=pc)[블로그 고객센터](https://help.naver.com/alias/blog/etc/bl_code_01.naver)\n\n[![Image 3: 섬네일](https://m.blog.naver.com/guebyul/221590758387)](https://m.blog.naver.com/guebyul/221590758387)\n\n[ⓒ NAVER Corp.](https://www.navercorp.com/)\n\n[본문 바로가기](https://m.blog.naver.com/guebyul/221590758387#ct)\n\n[블로그](https://m.blog.naver.com/Recommendation.naver)\n====================================================\n\n[카테고리 이동](https://m.blog.naver.com/guebyul/221590758387#)[그별의 식탁](https://m.blog.naver.com/PostList.naver?blogId=guebyul)\n-------------------------------------------------------------------------------------------------------------------------\n\n[검색](https://m.blog.naver.com/PostSearchList.naver?blogId=guebyul)MY메뉴 열기\n\n![Image 4](https://mblogthumb-phinf.pstatic.net/MjAxOTA3MjlfNDQg/MDAxNTY0NDA5NDQxNzgx.QE6WvPRofuewF6e8otMUFC5nDAQsD5DtZDs8TyfEQNEg.sWIlIB6cz01iAs-aRvt3tGcIkSRMfuOBHWU3jfxNAqAg.PNG.guebyul/%EC%8A%A4%ED%81%AC%EB%A6%B0%EC%83%B7_2019-07-20_%EC%98%A4%ED%9B%84_5.42.23.png?type=w800)\n\n[맛집](https://m.blog.naver.com/PostList.naver?blogId=guebyul&categoryNo=1&logCode=0&categoryName=%EB%A7%9B%EC%A7%91#postlist_block)\n\n최고급 한우스테이크를 집에서~ 쉐프의 정육점 대치점에 다녀왔어요~\n\n[![Image 5: 프로필](https://blogpfthumb-phinf.pstatic.net/20160923_71/guebyul_14746201993330o0TO_PNG/yogurt.png?type=s1)](https://m.blog.naver.com/PostList.naver?blogId=guebyul)\n\n[**그별**](https://m.blog.naver.com/PostList.naver?blogId=guebyul)\n\n2019. 7. 30. 10:57\n\n[이웃추가](https://m.blog.naver.com/guebyul/221590758387#)\n\n본문 기타 기능\n\n*   **본문 폰트 크기 조정**본문 폰트 크기 작게 보기 본문 폰트 크기 크게 보기 가\n*   [공유하기](https://m.blog.naver.com/guebyul/221590758387#)\n*   [URL복사](https://m.blog.naver.com/guebyul/221590758387#)\n*   [신고하기](https://m.blog.naver.com/guebyul/221590758387#)\n\n[![Image 6](https://mblogthumb-phinf.pstatic.net/MjAxOTA3MjlfNDUg/MDAxNTY0NDA5NTA3ODA3.ouNBDDTWUvGT_WErq8YnPKWzIKu-bMogDClmIYcAYrog.MTbOtXQU1OAw9vdd9XZMd0jVxlfkCHT9zeyxTAeLWGUg.JPEG.guebyul/SE-2dc871d5-cbc0-4ef2-ae1d-5adf14e00d85.jpg?type=w800)](https://m.blog.naver.com/guebyul/221590758387)\n\n최상급 한우를 합리적인 가격으로\n\n만나볼 수 있는 쉐프의 정육점~\n\n​\n\n일반 정육점과는 고기의 퀄리티가 남다른 곳이라\n\n이미 SNS와 입소문이 나서인지\n\n곳곳에 체인점이 많이 생겨나고 있더라구요~\n\n​\n\n집에서도 레스토랑처럼 멋지게 요리할 수 있는\n\n쉐프의정육점 대치점에서\n\n맛있는 한우 등심 스테이크를 사가지고 왔어요~\n\n​\n\n​\n\n​\n\n​\n\n![Image 7](https://editor-static.pstatic.net/c/resources/common/img/common-icon-places-marker-x2-20180920.png)\n\n![Image 8](https://simg.pstatic.net/static.map/image?caller=smarteditor&markers=color%3A0x11cc73%7Csize%3Amid%7Cpos%3A127.0579693%2037.4924379%7CviewSizeRatio%3A0.6%7Ctype%3Ad&w=886&h=415&scale=1&version=1.2)\n\n[**쉐프의정육점 대치점** 서울특별시 강남구 남부순환로 2911 1층 104호](https://m.blog.naver.com/guebyul/221590758387#)\n\n쉐프의정육점 대치점\n\n​\n\n서울특별시 강남구 대치동 653\n\n​\n\nT.02.555.8324\n\n​\n\nOPEN\n\n10:00-21:00\n\n​\n\n​\n\n​\n\n​\n\n[![Image 9](https://mblogthumb-phinf.pstatic.net/MjAxOTA3MjlfMTIx/MDAxNTY0NDA5NTEwMzAz.8eDGVtNd9jaoBQA0egv18RRkvv-rJtvXnrOkBaJoxoYg.zZKOxBlhTh-Q_AnMimq_ZuAaFOJ4ikOzUfpELmIN7g8g.JPEG.guebyul/SE-94d951ae-ce29-47b0-8bdc-359d3bd43518.jpg?type=w800)](https://m.blog.naver.com/guebyul/221590758387)\n\n고급스러운 간판과 블루 컬러의\n\n브랜드 아이덴티티를 나타내는 쉐프의 정육점,\n\n한 번 맛보면 계속 찾을 수 밖에 없는\n\n한우 맛집이랍니다!\n\n​\n\n​\n\n​\n\n​\n\n[![Image 10](https://mblogthumb-phinf.pstatic.net/MjAxOTA3MjlfMjYg/MDAxNTY0NDA5NTEyNTYx.3CryXBdAjReETjD1Tl7wPh8hiZqSnv1MIFbCgtZFoG0g.JUTa_3-7q4G0YXYE99O2mjVWD3fCXVWoXXF2hn6Y4tkg.JPEG.guebyul/SE-10ce5ccc-1cf3-4631-be5e-588f542b94db.jpg?type=w800)](https://m.blog.naver.com/guebyul/221590758387)\n\n집에서 쉽게 조리해 먹을 수 있는 갈비와\n\n고기와 잘 어울리는 가니쉬 야채가 진열되어 있어요.\n\n​\n\n​\n\n​\n\n[![Image 11](https://mblogthumb-phinf.pstatic.net/MjAxOTA3MjlfMTA5/MDAxNTY0NDA5NTE0OTM3.pnZL6qov-GIag7G-__kau5F2WtJ91N6f2RIyTf5xXucg.yT4Qdh9Sb8_vsovveELQpNHtPTWPuzdXcbcbzK3TDXwg.JPEG.guebyul/SE-fdc9d2da-4e58-4afc-8253-91f319bcf90f.jpg?type=w80_blur)](https://m.blog.naver.com/guebyul/221590758387)\n\n더운 여름, 원기회복을 도와줄\n\n쉐프의 해신탕도 진열되어 있어요.\n\n​\n\n요리나 재료 손질에 자신이 없으신 분들께\n\n정말 좋을 것 같아요~\n\n​\n\n​\n\n​\n\n​\n\n[![Image 12](https://mblogthumb-phinf.pstatic.net/MjAxOTA3MjlfMTAz/MDAxNTY0NDA5NTE3Mjc0.pQCfZmCKDtUVnqO8WI1xgLHZPCseCeOeJ4MyTH2HaPkg.9Ha0TxdcP-pyEt-wLjyzqbUNmVQupuSjvg5K9FWuH1cg.JPEG.guebyul/SE-5c370e51-5e42-43ac-af63-3c2dcdcab8de.jpg?type=w80_blur)](https://m.blog.naver.com/guebyul/221590758387)\n\n야노시호 스키야키로 유명한\n\n전통 관서풍 스키야키 세트도\n\n정말 먹음직스럽더라구요~\n\n​\n\n집에서 손쉽게 끓여낼 수 있는 전골 야채와 타레 소스까지 들어있어요~\n\n​\n\n​\n\n​\n\n​\n\n​\n\n[![Image 13](https://mblogthumb-phinf.pstatic.net/MjAxOTA3MjlfMTU0/MDAxNTY0NDA5NTE5MTQw.NtEIlhs-2xT6p0l_KLOj3pdUV0Mqa7MpSdfDXU92YPsg.1xrl94cLiSkQmRK2x8txMD9MVZU_1SfpfPkGmQ5Jk-Ag.JPEG.guebyul/SE-d8166928-d76e-4006-9ab4-c0b45e8b9ca6.jpg?type=w80_blur)](https://m.blog.naver.com/guebyul/221590758387)\n\n고기와 정말 잘어울리는 암염도\n\n덩어리째 강판과 함께 구입할 수 있어서\n\n선물로도 좋겠어요~\n\n​\n\n맛을 아는 사람들은 소금이 정말 중요하더라구요!\n\n​\n\n​\n\n​\n\n​\n\n​\n\n[![Image 14](https://mblogthumb-phinf.pstatic.net/MjAxOTA3MjlfMjcy/MDAxNTY0NDA5NTIxMDY5.tvSSXxkXYYKYjJhbVPMFUek_g3nvXPhX65H5iY5Dh-Ig.rDPr_No-PDBz47ZrnnUhfq3B_5Pm0F506WtHbRjyF2Mg.JPEG.guebyul/SE-3dd08a9a-9e07-4960-9d13-a551c14a45c1.jpg?type=w80_blur)](https://m.blog.naver.com/guebyul/221590758387)\n\n다양한 쉐프의 쿠킹박스가 있는데\n\n종류별로 다 먹어보고 싶어요!\n\n​\n\n​\n\n​\n\n​\n\n​\n\n​\n\n​\n\n[![Image 15](https://mblogthumb-phinf.pstatic.net/MjAxOTA3MjlfMjc2/MDAxNTY0NDA5NTIzMTg5.FAKWjD01eB0JQmVaw7giH-dc-NDqCc6BqhEOalVZhiQg.sYFb4qQx4Ks_NQNWYfH2VjoX6xQV6uhP4J6ZPoniCZ4g.JPEG.guebyul/SE-843c58bf-3fd4-4e00-aad0-3d7edbbd0cf9.jpg?type=w80_blur)](https://m.blog.naver.com/guebyul/221590758387)\n\n먹기 좋게 손질되어 간편하게 즐길 수 있는\n\n고기들도 냉동고속에 가지런히!\n\n​\n\n​\n\n​\n\n​\n\n[![Image 16](https://mblogthumb-phinf.pstatic.net/MjAxOTA3MjlfMTU5/MDAxNTY0NDA5NTI1MTQ2.9MqCbdIMfIJRw5OTqH2e4LT5va_MzQK2GJK-DGdvWh0g.uq0CgqN6ci8-WVY7RqWEKWNQJk2XYdDWLM3Ys8gEBkkg.JPEG.guebyul/SE-20656a0e-abd1-45fd-93f8-b38d8e6f711f.jpg?type=w80_blur)](https://m.blog.naver.com/guebyul/221590758387)\n\n쉐프의 정육점의 자랑인\n\n'워터에이징 한우'가 만들어지는 모습도\n\n매장에서 생생하게 만나 볼 수 있어요!\n\n​\n\n​\n\n​\n\n​\n\n[![Image 17](https://mblogthumb-phinf.pstatic.net/MjAxOTA3MjlfMTIy/MDAxNTY0NDA5NTI3Mzky.sxkNvKrhNEmK24ZwiTrYt5lqpy7lcAucFdjZ16l64uUg.7202506h49nR_0mXYbQXmg_xfHkiNXSxF8NZgIGoF98g.JPEG.guebyul/SE-169fc3a7-7b0a-4cd5-a848-52c63d55ffab.jpg?type=w80_blur)](https://m.blog.naver.com/guebyul/221590758387)[![Image 18](https://mblogthumb-phinf.pstatic.net/MjAxOTA3MjlfMjIx/MDAxNTY0NDA5NTI5NDU0.Pd2ZB7HUN1ILXyUM612I3k_lWWvQI0-F87DhYWxtI-wg.rMI9UzyT8MRjZhNt_eJoBwTDzTqjdPCxROYoeINdxOUg.JPEG.guebyul/SE-3310aad7-acff-43af-93cc-289b5a5ce148.jpg?type=w80_blur)](https://m.blog.naver.com/guebyul/221590758387)\n\n고기를 손질해 주시는 동안,\n\n매장에 진열되어 있는 고기들을 구경하는데도\n\n시간가는 줄 모르겠더라구요~\n\n​\n\n​\n\n​\n\n​\n\n​\n\n[![Image 19](https://mblogthumb-phinf.pstatic.net/MjAxOTA3MjlfMTk5/MDAxNTY0NDA5NTMxNzA2.3LQNketXe2EhQulqWIMEo-zktNt_eBMPDnjB4z46ErQg.iTA06Q8Gr242xK2Lp0MX-9sm5ozu5N_m32C2PWWRrnog.JPEG.guebyul/SE-6d878882-f0ea-4c80-9c14-836e2038e4d1.jpg?type=w80_blur)](https://m.blog.naver.com/guebyul/221590758387)\n\n좋은 부위로 포장해주셔서 가지고 온\n\n한우 등심 스테이크에요!\n\n​\n\n깔끔하게 진공포장되어 예쁘게 담겨져 있어요!\n\n​\n\n​\n\n[![Image 20](https://mblogthumb-phinf.pstatic.net/MjAxOTA3MjlfMjkg/MDAxNTY0NDA5NTMzNjY5.isNUKiJth2K_5mtJgAQM82L8tXLglFGdiyPdaFd6pOYg.NOF_4W1Oy6CfzYwZigJjQ8kiCOXD4whbIEmcHc7flLog.JPEG.guebyul/SE-241c4ad5-c838-44b2-9a70-7e51bf14e2d1.jpg?type=w80_blur)](https://m.blog.naver.com/guebyul/221590758387)\n\n[![Image 21](https://mblogthumb-phinf.pstatic.net/MjAxOTA3MjlfMjcz/MDAxNTY0NDA5NTM1NTk3.HuFePG0K0_8JX_TqjiwyBhQVYafwP9O0yIu4BzZdB7Ug.pJCPoJj82BVQdtzwPinMhYv7PEnCJqDywH1zkkbTFrgg.JPEG.guebyul/SE-b358e435-494e-4038-9f78-aa3fd4c1f0ba.jpg?type=w80_blur)](https://m.blog.naver.com/guebyul/221590758387)\n\n아스파라거스와 로즈마리,\n\n양송이버섯, 파프리카 등\n\n고기와 함께 곁들이면 좋을 야채들도 손질되어 있어요\n\n​\n\n​\n\n​\n\n​\n\n​\n\n[![Image 22](https://mblogthumb-phinf.pstatic.net/MjAxOTA3MjlfMjgy/MDAxNTY0NDA5NTM3OTY2.VtJtAE4zp21YA_xhJbA1MjsjxFnB7zWApTeJ5HzsxfIg.6v0lkMDsg_leqLPopBxo3n3N8KFChy9LG5FStoJjVGMg.JPEG.guebyul/SE-cdff6c04-59a4-48be-adb5-97c6633a0cc2.jpg?type=w80_blur)](https://m.blog.naver.com/guebyul/221590758387)\n\n제가 너무 좋아하는 트러플 크림까지~\n\n트러플크림은 고기와 함께 먹으면 정말 예술이에요!\n\n​\n\n​\n\n[![Image 23](https://mblogthumb-phinf.pstatic.net/MjAxOTA3MjlfMTEg/MDAxNTY0NDA5NTQxNzk2.TPTvh0Uva-ihTLbvBtLOypSsgEL0dZQDj8iiBIoe1mgg.Z9ZxB2i8vmDVulaVwb4Yaqg5xPGoYpbVHDkV3eWKzisg.JPEG.guebyul/SE-ce83a6ee-5ce7-4bc4-b2f6-7b48851d40f4.jpg?type=w80_blur)](https://m.blog.naver.com/guebyul/221590758387)\n\n마리네이드 할 오일과 소금까지!\n\n예쁜 병에 담겨 있어 휴대하기도 좋고\n\n모양도 너무 예뻐요!\n\n​\n\n​\n\n​\n\n​\n\n[![Image 24](https://mblogthumb-phinf.pstatic.net/MjAxOTA3MjlfMTgz/MDAxNTY0NDA5NTQzNDYy.39m-DbsMgRxhmMmGurUMmXfQmbPoB0oZMP2IGxnpHI8g.rEQZWd7HVD24KDmPSYvgAF43kwo3ADvyyPKgRyqQxbIg.JPEG.guebyul/SE-8232f844-2f22-43e4-a12a-15fbda30f7f4.jpg?type=w80_blur)](https://m.blog.naver.com/guebyul/221590758387)\n\n고기를 더욱 맛있게 해줄\n\n버터까지 들어있어요!\n\n​\n\n​\n\n​\n\n​\n\n[![Image 25](https://mblogthumb-phinf.pstatic.net/MjAxOTA3MjlfNTIg/MDAxNTY0NDA5NTQ1MzY0.19HItZTbvR_-IPPmstFGGUiYwGqyg1KfiyenIXwMni8g.FoZbeU8EJKmRnZysFpWcrD2_JBQcHhMAFviIL6WNv6Ig.JPEG.guebyul/SE-126bc987-00fb-4bc3-9f52-e6adf74c3ec5.jpg?type=w80_blur)](https://m.blog.naver.com/guebyul/221590758387)\n\n쉐프의 정육점 시크릿 레시피북이 들어있어서\n\n누구나 자신있게 맛있게 만들 수 있어요.\n\n​\n\n​\n\n​\n\n​\n\n​\n\n[![Image 26](https://mblogthumb-phinf.pstatic.net/MjAxOTA3MjlfMTc5/MDAxNTY0NDA5NTQ3MTUx.uCzh8XKgcAaMshYmGUk6LsPgx29EiVRnkqcoTTpia68g.pgVeadFJpQwuOE4R9Z-o-irUlP2oG1CFOhdMHoJO_Usg.JPEG.guebyul/SE-f9ce4519-de35-4b81-b0d7-045d7767a88d.jpg?type=w80_blur)](https://m.blog.naver.com/guebyul/221590758387)\n\n자세한 설명과 사진까지 있어서\n\n요. 알. 못 도\n\n자신있게 성공 할 수 있어요!\n\n​\n\n​\n\n​\n\n​\n\n​\n\n[![Image 27](https://mblogthumb-phinf.pstatic.net/MjAxOTA3MjlfMjI1/MDAxNTY0NDA5NTQ4OTM2.maw0gZ-Fbw52tIhPtHdByNYRCKec0SngeYnyhFhpDogg.YGrMPRSxoEvMSLYH653MWwkdeofyt8p9p71sSr-N6y0g.JPEG.guebyul/SE-cf0de181-92e4-4a67-bdc1-4dd676888dfc.jpg?type=w80_blur)](https://m.blog.naver.com/guebyul/221590758387)\n\n깔끔하게 포장되어 있던 등심 스테이크를 꺼내 봤어요~\n\n​\n\n​\n\n​\n\n​\n\n​\n\n[![Image 28](https://mblogthumb-phinf.pstatic.net/MjAxOTA3MjlfMTgz/MDAxNTY0NDA5NTUwODM5.QKBfjvj1tn_Lp4kLWPlnOH7EOs8Uahn-XNCSe8W_dK4g.r6W5sGJtswCHNr7lClLOMHReevicPaZZZ_MXPWDExi8g.JPEG.guebyul/SE-ed20b21a-796e-4054-8ffe-0f4deec8e607.jpg?type=w80_blur)](https://m.blog.naver.com/guebyul/221590758387)\n\n두툼한 한우 등심 스테이크의 두께가 보이시나요!\n\n​\n\n​\n\n​\n\n[![Image 29](https://mblogthumb-phinf.pstatic.net/MjAxOTA3MjlfMjUg/MDAxNTY0NDA5NTUyNjQ1.NIBpeFtSBONkpCv_TDukZ4wMImXXNpV2gJOvZjNguWUg.k_F-v8Kg3ThxAfdDLLJZwuqlzRDYOjzPd3Fs-sMxjcUg.JPEG.guebyul/SE-902fce98-49ee-4396-95b2-4027a578cfa5.jpg?type=w80_blur)](https://m.blog.naver.com/guebyul/221590758387)\n\n스테이크로 딱 먹기 좋게 두툼하게 잘라주셔서\n\n이거야 말로 정말 제대로 된 등심 스테이크 고기다 싶더라구요~\n\n​\n\n​\n\n​\n\n​\n\n[![Image 30](https://mblogthumb-phinf.pstatic.net/MjAxOTA3MjlfMTE3/MDAxNTY0NDA5NTU0NDg2.nXCXvkl0riVkmb0SnwY_WYe2W1TodDzxDbtbFgaZndQg.GqS5iLN-Xux55q5HCSpURe4IslFbQYALKB697BKjPv8g.JPEG.guebyul/SE-1cdd30b0-67f6-4f7e-92ff-993a4969e49c.jpg?type=w80_blur)](https://m.blog.naver.com/guebyul/221590758387)\n\n한우 등심 스테이크 쿠킹 박스에 함께 들어있는\n\n병에 담긴 오일로 마리네이드 해주었어요\n\n​\n\n​\n\n​\n\n​\n\n[![Image 31](https://mblogthumb-phinf.pstatic.net/MjAxOTA3MjlfMjYz/MDAxNTY0NDA5NTU2MzQz.nc0lUDhsRz4-C0a0U_N2TKdoKRK0Ou_BNqqOfXl99IEg.uYySGeaZp1MdTadamCj7z9oWCRKMgXGeJ8rz70WLp2Eg.JPEG.guebyul/SE-634a0e47-8060-4af8-a334-76b2f3830f83.jpg?type=w80_blur)](https://m.blog.naver.com/guebyul/221590758387)\n\n소금, 후추도 적당힌 올려\n\n잠시 실온에 놔둡니다\n\n​\n\n[![Image 32](https://mblogthumb-phinf.pstatic.net/MjAxOTA3MjlfMyAg/MDAxNTY0NDA5NTU4MTg4.U5y1-rBJzDopKSdQsvrZ5Sa0M102wGoB4if2gKiBUQwg.Dww0YWVc9pZIM9oFq8oK3EScw3R6IybDvLzEPkNiNIwg.JPEG.guebyul/SE-5ad60cce-635d-4397-818b-866c77c8686a.jpg?type=w80_blur)](https://m.blog.naver.com/guebyul/221590758387)\n\n더욱 맛있게 먹을 수 있도록\n\n고기에는 마리네이드가 필수에요!\n\n​\n\n​\n\n​\n\n​\n\n​\n\n​\n\n​\n\n[![Image 33](https://mblogthumb-phinf.pstatic.net/MjAxOTA3MjlfMTI5/MDAxNTY0NDA5NTU5NTgx.qWmOJwxY5Wf74ysFHLxn9r43ZgXCH8SVsUJxt15tzysg.UX3dTe0i3YUiUFxltyS_1ITVSNadeco7lmglcVAZTUog.PNG.guebyul/SE-6c57d18a-6a55-4f42-9569-8c9e04fffe49.png?type=w80_blur)](https://m.blog.naver.com/guebyul/221590758387)\n\n뜨겁게 달군 그릴 팬에 먹기 좋게 손질 되어 있는\n\n가니쉬 야채들을 구워주었어요\n\n​\n\n따로 손질 할 필요 없이\n\n바로 먹을 수 있는 크기로 먹기 좋게\n\n잘라져 있어서 캠핑을 가서 먹어도 정말 좋겠더라구요!\n\n​\n\n야채 손질이 은근 손이 많이가는데 말이에요!\n\n​\n\n​\n\n​\n\n​\n\n​\n\n​\n\n[![Image 34](https://mblogthumb-phinf.pstatic.net/MjAxOTA3MjlfMTA2/MDAxNTY0NDA5NTYxMTkx.R6PpWeb5e5kUS3TxwEc-ZVcc2bv8le__4SM2etI8454g.U_r9t6sQxA1AZFPX4SustZG693PbFfdIscGvzNbkqAkg.JPEG.guebyul/SE-dd1c2097-cade-4ea5-a552-52a5638f5259.jpg?type=w80_blur)](https://m.blog.naver.com/guebyul/221590758387)\n\n야채가 적당히 구워지면\n\n마리네이드한 한우 등심을 올려줍니다.\n\n​\n\n​\n\n​\n\n​\n\n​\n\n[![Image 35](https://mblogthumb-phinf.pstatic.net/MjAxOTA3MjlfMjk1/MDAxNTY0NDA5NTYyNzA3.09mQY-ZIQcP6h9DIPOrFh0vErAEzTo7O26vzFa9ApoQg.7Oa5syhPR5wf_mX9QfnvXgTxSI3rSK-7qTueVz693hEg.PNG.guebyul/SE-98e002ee-c914-4cdb-b0c4-e10c831a827a.png?type=w80_blur)](https://m.blog.naver.com/guebyul/221590758387)\n\n치이익 소리를 내며 익어가는 고기의 소리가\n\n너무 좋아요 ^^\n\n​\n\n​\n\n​\n\n​\n\n[![Image 36](https://mblogthumb-phinf.pstatic.net/MjAxOTA3MjlfMTgz/MDAxNTY0NDA5NTY1MDkx.DBxsQV_X42EPmpUGfiF5J_e17e-k0ZZy3tBUNgeksxAg.qlSB59OhbRoRrYkb0ricErQhupK0sHO-rvVEePTWkw0g.JPEG.guebyul/SE-2c01b47b-6a31-4a48-8c70-9420815d972f.jpg?type=w80_blur)](https://m.blog.naver.com/guebyul/221590758387)\n\n아래쪽이 회색빛이 돌면서\n\n점점 익어가는 모습을 보는것도 너무 좋아요!\n\n​\n\n소고기 매니아의 흔한 고기굽는 모습이랍니다 ㅎㅎ\n\n​\n\n​\n\n​\n\n​\n\n[![Image 37](https://mblogthumb-phinf.pstatic.net/MjAxOTA3MjlfNTAg/MDAxNTY0NDA5NTY2NzM4.pfB3luP0fZNC-t-rWgbcWygyeSN1rTdfcd9t4i5TtGwg.BaJt4QnSADM4Z0bZoNpy9ilm-zAMB5U5D9WrO-W-AZ4g.PNG.guebyul/SE-22d7dab3-be66-439b-8880-7cc410a7f48a.png?type=w80_blur)](https://m.blog.naver.com/guebyul/221590758387)\n\n스테이크는 특히 그릴팬에 구워야\n\n그릴자국이 솨악~ 하고 나서\n\n먹음직 스러운 것 같아요~\n\n​\n\n​\n\n​\n\n[![Image 38](https://mblogthumb-phinf.pstatic.net/MjAxOTA3MjlfNTEg/MDAxNTY0NDA5NTY3OTU2.iHt9Tsm6woCSmM94CgQHprVk9OuY3iFwCDwvmhdwKYsg.jqJ2X6tEZZSdhe7Mr0tR2HnUW_P2RyD4YhDKnD83GcAg.PNG.guebyul/SE-2bc9c74f-c1d2-46e1-a91a-e30e367ff9fa.png?type=w80_blur)](https://m.blog.naver.com/guebyul/221590758387)\n\n겉면을 돌려가며 노릇노릇하게 익혀주세요.\n\n​\n\n​\n\n​\n\n​\n\n​\n\n[![Image 39](https://mblogthumb-phinf.pstatic.net/MjAxOTA3MjlfMTU4/MDAxNTY0NDA5NTY5NTkw.aEPsN_GxSrYtsXsy4VbiAegDhdqaf4g53JjeJW7JB3Ug.vo36EhSzZcQgKSe5vExUHTd10X9LlAIUvjybybMAeDog.JPEG.guebyul/SE-17ddbfc7-bdc9-43f1-b4d1-e09463be5499.jpg?type=w80_blur)](https://m.blog.naver.com/guebyul/221590758387)\n\n쿠킹키트에 들어있는 버터를 올려\n\n버터 향을 더해주면\n\n맛있는 한우 등심 스테이크 완성이에요!\n\n​\n\n​\n\n​\n\n​\n\n​\n\n​\n\n​\n\n​\n\n[![Image 40](https://mblogthumb-phinf.pstatic.net/MjAxOTA3MjlfMTIz/MDAxNTY0NDA5NTcxNzgz.daD7t7VevZnxOg1TM9hozmCFIwJ1V5Jp3nqa0kjxm4cg.In-KT0GTCi6GYwmZRY1s17mgVn_7kA7_Sg6PLXWb6C4g.JPEG.guebyul/SE-94d3e13c-2e39-4ac3-a767-971ce2916c87.jpg?type=w80_blur)](https://m.blog.naver.com/guebyul/221590758387)\n\n먹기 좋게 구운 야채와\n\n잘 익은 스테이크를 함께 올리고\n\n트러플치즈를 곁들여 먹어요!\n\n​\n\n​\n\n​\n\n​\n\n[![Image 41](https://mblogthumb-phinf.pstatic.net/MjAxOTA3MjlfNzgg/MDAxNTY0NDA5NTczNzA3.t0PArSUTdnmVkHKwcvivX2I5r_XWElXEalrrwuPu5dcg.zQGnLdzoUwMchPLTmPHLjQn5K_Ncvpb4CvPgbgtJZXsg.JPEG.guebyul/SE-e5f6431c-1141-4f80-9d0e-d44274acf475.jpg?type=w80_blur)](https://m.blog.naver.com/guebyul/221590758387)\n\n[![Image 42](https://mblogthumb-phinf.pstatic.net/MjAxOTA3MjlfMjk4/MDAxNTY0NDA5NTc1Njcz.EEHex3DAbjulW9Ab9yxobyU6kMp9B4RyG6rqsB3ofJog.D0Rm9_zFgElo4SXJOc9NWWz869E2DM3He0sovWgo9zYg.JPEG.guebyul/SE-6e363d1d-5d36-4264-9cf3-62936b9e90f8.jpg?type=w80_blur)](https://m.blog.naver.com/guebyul/221590758387)\n\n미디엄레어로 익힌 최고급 한우 스테이크!\n\n역시 쉐프의 정육점이라 그 맛이 아주 고퀄리티에요~\n\n​\n\n​\n\n[![Image 43](https://mblogthumb-phinf.pstatic.net/MjAxOTA3MjlfMTE2/MDAxNTY0NDA5NTc3NDk2.REaRPwezzegzYGfDKB-JkNfw8IOtGQ5qQkMiivS8rwcg.mj6JSM3K1xH9AwKezyaQdgYalQ7cKuS630N4ffLsrmcg.JPEG.guebyul/SE-30dc0431-7aff-41b2-a9bd-c0c14ff527a1.jpg?type=w80_blur)](https://m.blog.naver.com/guebyul/221590758387)\n\n한 입 맛볼때마다 탄성이 나오네요~\n\n​\n\n​\n\n​\n\n​\n\n​\n\n[![Image 44](https://mblogthumb-phinf.pstatic.net/MjAxOTA3MjlfMTQ2/MDAxNTY0NDA5NTc5NTgx.4-wcknFMl4KWGJTKaw-XE0o3O7hF15ffmS7uevLglCkg.fj2W8FgoM7D5gxY-K1gfqj3uTEAWj3sCLME52ru34C0g.JPEG.guebyul/SE-24b75ff4-8ada-4ea5-b45e-e3cfecebaa23.jpg?type=w80_blur)](https://m.blog.naver.com/guebyul/221590758387)\n\n너무너무 부드러우면서도\n\n육즙이 가득한 맛이\n\n정말 최고급 한우등심 답네요~\n\n​\n\n​\n\n​\n\n​\n\n[![Image 45](https://mblogthumb-phinf.pstatic.net/MjAxOTA3MjlfMTQy/MDAxNTY0NDA5NTgxODAw.wjj-Lwr3b4h1-Lj3vzdXFnM58Hw51iFQfB7U-42xnFAg.q_Uec4b9li4Ew2EcVD_YU0QxfW9z2SiAukJZL6291C0g.JPEG.guebyul/SE-64b4b891-9b87-4d1d-8721-256cb47e0f4e.jpg?type=w80_blur)](https://m.blog.naver.com/guebyul/221590758387)\n\n트러플 크림과 함께 먹으면\n\n고급 레스토랑 부럽지 않아요~\n\n​\n\n​\n\n​\n\n​\n\n​\n\n​\n\n​\n\n[![Image 46](https://mblogthumb-phinf.pstatic.net/MjAxOTA3MjlfMjcg/MDAxNTY0NDA5NTA1MTM5.pUQ9qQ5ERGzNU32gzanXH7VHf47yHyyLdGLyCrXnEkAg.w1Odq_thKdhSh5EgS9YB1vXe3pCM_4ahGZb3MkhQr1kg.PNG.guebyul/SE-8070a3dc-0577-468b-8a02-caebcca2387c.png?type=w80_blur)](https://m.blog.naver.com/guebyul/221590758387)\n\n정말 요리를 못하는 사람도\n\n다 손질되어 있는 재료로,\n\n레시피를 보고 따라 하기만 하면 되니까\n\n​\n\n언제 어디서도 쉽고 간단하게 요리를 멋지게 해낼 수 있어요!\n\n​\n\n최고급 고기를 누구보다 쉽게 만들 수 있는,\n\n집을 레스토랑으로 만드는 쉐프의 정육점,\n\n정육점, 그 이상의 맛집이 아닐까 싶어요 ^^\n\n​\n\n​\n\n 0초 \n\n 0초 \n\n광고 후 계속됩니다.\n\n재생 (space/k)재생 00:41 \n\n재생 (space/k)재생\n\n음소거 (m)음소거\n\n 00:00 \n\n/\n\n 00:41 \n\n실시간\n\n설정 전체 화면 (f)\n\n 0:00:00 \n\n다음 동영상\n\nsubject\n\nauthor\n\n 취소 \n\n 3G/LTE 등으로 재생 시\n\n데이터 사용료가 발생할 수 있습니다. \n\n 취소  확인 \n\n죄송합니다. 문제가 발생했습니다. 다시 시도해 주세요.\n\n화면을 돌리거나 터치로 움직여 보세요\n\n[쉐프의정육점 대치점](https://m.blog.naver.com/guebyul/221590758387#none)\n\n재생\n\n 재생 6\n\n좋아요 0\n\n좋아요 공유하기\n\n 해상도 \n\n_HD_\n\n 720p \n\n 자막 \n\n 사용 안함 \n\n 재생 속도 \n\n 1.0x (기본) \n\n**해상도**\n\n*     1080p _HD_   \n*     720p _HD_   \n*     480p   \n*     360p   \n*     270p   \n*     144p   \n\n**자막**\n\n 설정 \n\n*     사용 안함  \n\n**옵션**\n\n*   글자 크기  \n*   배경색 - [x]   \n\n**재생 속도**\n\n*    0.5x \n*    1.0x (기본) \n*    1.5x \n*    2.0x \n\n 00:00 \n\n 음소거 상태입니다. \n\n*   [도움말](https://help.naver.com/index.help)\n*   [라이선스](https://developers.naver.com/notice/compliance/)\n*    디버그 정보 다운로드 \n\n접기/펴기**쉐프의정육점 대치점**\n\n#쉐프의정육점#한우맛집#한우스테이크맛집#쉐프의정육점대치점#대치맛집\n\n​\n\n​\n\n*   [#쉐프의정육점대치점](https://m.blog.naver.com/BlogTagView.naver?orderType=date&tagName=%EC%89%90%ED%94%84%EC%9D%98%EC%A0%95%EC%9C%A1%EC%A0%90%EB%8C%80%EC%B9%98%EC%A0%90)\n*   [#한우맛집](https://m.blog.naver.com/BlogTagView.naver?orderType=date&tagName=%ED%95%9C%EC%9A%B0%EB%A7%9B%EC%A7%91)\n*   [#대치한우맛집](https://m.blog.naver.com/BlogTagView.naver?orderType=date&tagName=%EB%8C%80%EC%B9%98%ED%95%9C%EC%9A%B0%EB%A7%9B%EC%A7%91)\n*   [#대치동맛집](https://m.blog.naver.com/BlogTagView.naver?orderType=date&tagName=%EB%8C%80%EC%B9%98%EB%8F%99%EB%A7%9B%EC%A7%91)\n*   [#쉐프의정육점](https://m.blog.naver.com/BlogTagView.naver?orderType=date&tagName=%EC%89%90%ED%94%84%EC%9D%98%EC%A0%95%EC%9C%A1%EC%A0%90)\n*   +1\n\n[](javascript:;)\n*   [공감 15](https://m.blog.naver.com/guebyul/221590758387#ratingbutton-like)\n*   [칭찬 0](https://m.blog.naver.com/guebyul/221590758387#ratingbutton-impressive)\n*   [감사 0](https://m.blog.naver.com/guebyul/221590758387#ratingbutton-thanks)\n*   [웃김 0](https://m.blog.naver.com/guebyul/221590758387#ratingbutton-haha)\n*   [놀람 0](https://m.blog.naver.com/guebyul/221590758387#ratingbutton-wow)\n*   [슬픔 0](https://m.blog.naver.com/guebyul/221590758387#ratingbutton-sad)\n\n[15 * [공감 15](https://m.blog.naver.com/guebyul/221590758387#ratingbutton-like) * [칭찬 0](https://m.blog.naver.com/guebyul/221590758387#ratingbutton-impressive) * [감사 0](https://m.blog.naver.com/guebyul/221590758387#ratingbutton-thanks) * [웃김 0](https://m.blog.naver.com/guebyul/221590758387#ratingbutton-haha) * [놀람 0](https://m.blog.naver.com/guebyul/221590758387#ratingbutton-wow) * [슬픔 0](https://m.blog.naver.com/guebyul/221590758387#ratingbutton-sad)](https://m.blog.naver.com/guebyul/221590758387)\n\n댓글 3\n\n[](https://m.blog.naver.com/guebyul/221590758387#)\n\n[](javascript:;)\n*   [공감 15](https://m.blog.naver.com/guebyul/221590758387#ratingbutton-like)\n*   [칭찬 0](https://m.blog.naver.com/guebyul/221590758387#ratingbutton-impressive)\n*   [감사 0](https://m.blog.naver.com/guebyul/221590758387#ratingbutton-thanks)\n*   [웃김 0](https://m.blog.naver.com/guebyul/221590758387#ratingbutton-haha)\n*   [놀람 0](https://m.blog.naver.com/guebyul/221590758387#ratingbutton-wow)\n*   [슬픔 0](https://m.blog.naver.com/guebyul/221590758387#ratingbutton-sad)\n\n[15 * [공감 15](https://m.blog.naver.com/guebyul/221590758387#ratingbutton-like) * [칭찬 0](https://m.blog.naver.com/guebyul/221590758387#ratingbutton-impressive) * [감사 0](https://m.blog.naver.com/guebyul/221590758387#ratingbutton-thanks) * [웃김 0](https://m.blog.naver.com/guebyul/221590758387#ratingbutton-haha) * [놀람 0](https://m.blog.naver.com/guebyul/221590758387#ratingbutton-wow) * [슬픔 0](https://m.blog.naver.com/guebyul/221590758387#ratingbutton-sad)](https://m.blog.naver.com/guebyul/221590758387)\n\n댓글 3\n\n[](https://m.blog.naver.com/guebyul/221590758387#)\n\n[![Image 47: 프로필](https://blogpfthumb-phinf.pstatic.net/20160923_71/guebyul_14746201993330o0TO_PNG/yogurt.png?type=s1)](https://m.blog.naver.com/guebyul)\n\n이웃추가\n\n[**그별** 요리·레시피 이웃 7,475 명 그별의 맛있는 레시피, 맛집, 일상을 공유합니다](https://m.blog.naver.com/guebyul)\n\n*   [![Image 48: influencer](https://ssl.pstatic.net/static/blog/img_end_feed_profile_card_icon_influencer_2.png)](https://in.naver.com/spaces/165098345023552)\n*   [![Image 49: outlink](https://ssl.pstatic.net/static/blog/img_end_feed_profile_card_icon_outlink_3.png)](https://in.naver.com/thatstar)\n*   [![Image 50: youtube](https://ssl.pstatic.net/static/blog/img_end_feed_profile_card_icon_youtube_2.png)](https://youtube.com/channel/UCxZus8ogNm8F-G_W7g-o2TA)\n\n{\"title\":\"최고급 한우스테이크를 집에서~ 쉐프의 정육점 대치점에 다녀왔어요~\",\"source\":\"https://blog.naver.com/guebyul/221590758387\",\"blogName\":\"그별의 식..\",\"domainIdOrBlogId\":\"guebyul\",\"nicknameOrBlogId\":\"그별\",\"logNo\":221590758387,\"smartEditorVersion\":4,\"lineDisplay\":true,\"meDisplay\":true,\"blogDisplay\":true,\"cafeDisplay\":true,\"outsideDisplay\":false}\n\n[닫기](https://m.blog.naver.com/guebyul/221590758387#)\n\n카테고리\n----\n\n[이 블로그 홈](https://m.blog.naver.com/guebyul)\n\n**그별(guebyul)**님을 이웃추가하고 새글을 받아보세요\n\n[취소](https://m.blog.naver.com/guebyul/221590758387#)[이웃추가](https://m.blog.naver.com/guebyul/221590758387#)\n\n[닫기](https://m.blog.naver.com/guebyul/221590758387#)[공유](https://m.blog.naver.com/guebyul/221590758387#)\n\n[**0** / 0](javascript:void(0);)\n\n![Image 51](https://m.blog.naver.com/guebyul/221590758387)\n\n![Image 52](https://m.blog.naver.com/guebyul/221590758387)\n\n![Image 53](https://m.blog.naver.com/guebyul/221590758387)\n\n[](https://m.blog.naver.com/guebyul/221590758387#)\n\n[](https://m.blog.naver.com/guebyul/221590758387#)\n\n*   [![Image 54](https://mblogthumb-phinf.pstatic.net/MjAxOTA3MjlfNDUg/MDAxNTY0NDA5NTA3ODA3.ouNBDDTWUvGT_WErq8YnPKWzIKu-bMogDClmIYcAYrog.MTbOtXQU1OAw9vdd9XZMd0jVxlfkCHT9zeyxTAeLWGUg.JPEG.guebyul/DSC05624.JPG?type=f100_webp)](https://m.blog.naver.com/guebyul/221590758387#) \n*   [![Image 55](https://mblogthumb-phinf.pstatic.net/MjAxOTA3MjlfMTIx/MDAxNTY0NDA5NTEwMzAz.8eDGVtNd9jaoBQA0egv18RRkvv-rJtvXnrOkBaJoxoYg.zZKOxBlhTh-Q_AnMimq_ZuAaFOJ4ikOzUfpELmIN7g8g.JPEG.guebyul/DSC05625.JPG?type=f100_webp)](https://m.blog.naver.com/guebyul/221590758387#) \n*   [![Image 56](https://mblogthumb-phinf.pstatic.net/MjAxOTA3MjlfMjYg/MDAxNTY0NDA5NTEyNTYx.3CryXBdAjReETjD1Tl7wPh8hiZqSnv1MIFbCgtZFoG0g.JUTa_3-7q4G0YXYE99O2mjVWD3fCXVWoXXF2hn6Y4tkg.JPEG.guebyul/DSC05626.JPG?type=f100_webp)](https://m.blog.naver.com/guebyul/221590758387#) \n*   [![Image 57](https://mblogthumb-phinf.pstatic.net/MjAxOTA3MjlfMTA5/MDAxNTY0NDA5NTE0OTM3.pnZL6qov-GIag7G-__kau5F2WtJ91N6f2RIyTf5xXucg.yT4Qdh9Sb8_vsovveELQpNHtPTWPuzdXcbcbzK3TDXwg.JPEG.guebyul/DSC05627.JPG?type=f100_webp)](https://m.blog.naver.com/guebyul/221590758387#) \n*   [![Image 58](https://mblogthumb-phinf.pstatic.net/MjAxOTA3MjlfMTAz/MDAxNTY0NDA5NTE3Mjc0.pQCfZmCKDtUVnqO8WI1xgLHZPCseCeOeJ4MyTH2HaPkg.9Ha0TxdcP-pyEt-wLjyzqbUNmVQupuSjvg5K9FWuH1cg.JPEG.guebyul/DSC05628.JPG?type=f100_webp)](https://m.blog.naver.com/guebyul/221590758387#) \n*   [![Image 59](https://mblogthumb-phinf.pstatic.net/MjAxOTA3MjlfMTU0/MDAxNTY0NDA5NTE5MTQw.NtEIlhs-2xT6p0l_KLOj3pdUV0Mqa7MpSdfDXU92YPsg.1xrl94cLiSkQmRK2x8txMD9MVZU_1SfpfPkGmQ5Jk-Ag.JPEG.guebyul/DSC05629.JPG?type=f100_webp)](https://m.blog.naver.com/guebyul/221590758387#) \n*   [![Image 60](https://mblogthumb-phinf.pstatic.net/MjAxOTA3MjlfMjcy/MDAxNTY0NDA5NTIxMDY5.tvSSXxkXYYKYjJhbVPMFUek_g3nvXPhX65H5iY5Dh-Ig.rDPr_No-PDBz47ZrnnUhfq3B_5Pm0F506WtHbRjyF2Mg.JPEG.guebyul/DSC05630.JPG?type=f100_webp)](https://m.blog.naver.com/guebyul/221590758387#) \n*   [![Image 61](https://mblogthumb-phinf.pstatic.net/MjAxOTA3MjlfMjc2/MDAxNTY0NDA5NTIzMTg5.FAKWjD01eB0JQmVaw7giH-dc-NDqCc6BqhEOalVZhiQg.sYFb4qQx4Ks_NQNWYfH2VjoX6xQV6uhP4J6ZPoniCZ4g.JPEG.guebyul/DSC05631.JPG?type=f100_webp)](https://m.blog.naver.com/guebyul/221590758387#) \n*   [![Image 62](https://mblogthumb-phinf.pstatic.net/MjAxOTA3MjlfMTU5/MDAxNTY0NDA5NTI1MTQ2.9MqCbdIMfIJRw5OTqH2e4LT5va_MzQK2GJK-DGdvWh0g.uq0CgqN6ci8-WVY7RqWEKWNQJk2XYdDWLM3Ys8gEBkkg.JPEG.guebyul/DSC05632.JPG?type=f100_webp)](https://m.blog.naver.com/guebyul/221590758387#) \n*   [![Image 63](https://mblogthumb-phinf.pstatic.net/MjAxOTA3MjlfMTIy/MDAxNTY0NDA5NTI3Mzky.sxkNvKrhNEmK24ZwiTrYt5lqpy7lcAucFdjZ16l64uUg.7202506h49nR_0mXYbQXmg_xfHkiNXSxF8NZgIGoF98g.JPEG.guebyul/DSC05633.JPG?type=f100_webp)](https://m.blog.naver.com/guebyul/221590758387#) \n*   [![Image 64](https://mblogthumb-phinf.pstatic.net/MjAxOTA3MjlfMjIx/MDAxNTY0NDA5NTI5NDU0.Pd2ZB7HUN1ILXyUM612I3k_lWWvQI0-F87DhYWxtI-wg.rMI9UzyT8MRjZhNt_eJoBwTDzTqjdPCxROYoeINdxOUg.JPEG.guebyul/DSC05635.JPG?type=f100_webp)](https://m.blog.naver.com/guebyul/221590758387#) \n*   [![Image 65](https://mblogthumb-phinf.pstatic.net/MjAxOTA3MjlfMTk5/MDAxNTY0NDA5NTMxNzA2.3LQNketXe2EhQulqWIMEo-zktNt_eBMPDnjB4z46ErQg.iTA06Q8Gr242xK2Lp0MX-9sm5ozu5N_m32C2PWWRrnog.JPEG.guebyul/DSC05717.JPG?type=f100_webp)](https://m.blog.naver.com/guebyul/221590758387#) \n*   [![Image 66](https://mblogthumb-phinf.pstatic.net/MjAxOTA3MjlfMjkg/MDAxNTY0NDA5NTMzNjY5.isNUKiJth2K_5mtJgAQM82L8tXLglFGdiyPdaFd6pOYg.NOF_4W1Oy6CfzYwZigJjQ8kiCOXD4whbIEmcHc7flLog.JPEG.guebyul/DSC05718.JPG?type=f100_webp)](https://m.blog.naver.com/guebyul/221590758387#) \n*   [![Image 67](https://mblogthumb-phinf.pstatic.net/MjAxOTA3MjlfMjcz/MDAxNTY0NDA5NTM1NTk3.HuFePG0K0_8JX_TqjiwyBhQVYafwP9O0yIu4BzZdB7Ug.pJCPoJj82BVQdtzwPinMhYv7PEnCJqDywH1zkkbTFrgg.JPEG.guebyul/DSC05719.JPG?type=f100_webp)](https://m.blog.naver.com/guebyul/221590758387#) \n*   [![Image 68](https://mblogthumb-phinf.pstatic.net/MjAxOTA3MjlfMjgy/MDAxNTY0NDA5NTM3OTY2.VtJtAE4zp21YA_xhJbA1MjsjxFnB7zWApTeJ5HzsxfIg.6v0lkMDsg_leqLPopBxo3n3N8KFChy9LG5FStoJjVGMg.JPEG.guebyul/DSC05720.JPG?type=f100_webp)](https://m.blog.naver.com/guebyul/221590758387#) \n*   [![Image 69](https://mblogthumb-phinf.pstatic.net/MjAxOTA3MjlfMTEg/MDAxNTY0NDA5NTQxNzk2.TPTvh0Uva-ihTLbvBtLOypSsgEL0dZQDj8iiBIoe1mgg.Z9ZxB2i8vmDVulaVwb4Yaqg5xPGoYpbVHDkV3eWKzisg.JPEG.guebyul/DSC05721.JPG?type=f100_webp)](https://m.blog.naver.com/guebyul/221590758387#) \n*   [![Image 70](https://mblogthumb-phinf.pstatic.net/MjAxOTA3MjlfMTgz/MDAxNTY0NDA5NTQzNDYy.39m-DbsMgRxhmMmGurUMmXfQmbPoB0oZMP2IGxnpHI8g.rEQZWd7HVD24KDmPSYvgAF43kwo3ADvyyPKgRyqQxbIg.JPEG.guebyul/DSC05723.JPG?type=f100_webp)](https://m.blog.naver.com/guebyul/221590758387#) \n*   [![Image 71](https://mblogthumb-phinf.pstatic.net/MjAxOTA3MjlfNTIg/MDAxNTY0NDA5NTQ1MzY0.19HItZTbvR_-IPPmstFGGUiYwGqyg1KfiyenIXwMni8g.FoZbeU8EJKmRnZysFpWcrD2_JBQcHhMAFviIL6WNv6Ig.JPEG.guebyul/DSC05724.JPG?type=f100_webp)](https://m.blog.naver.com/guebyul/221590758387#) \n*   [![Image 72](https://mblogthumb-phinf.pstatic.net/MjAxOTA3MjlfMTc5/MDAxNTY0NDA5NTQ3MTUx.uCzh8XKgcAaMshYmGUk6LsPgx29EiVRnkqcoTTpia68g.pgVeadFJpQwuOE4R9Z-o-irUlP2oG1CFOhdMHoJO_Usg.JPEG.guebyul/DSC05725.JPG?type=f100_webp)](https://m.blog.naver.com/guebyul/221590758387#) \n*   [![Image 73](https://mblogthumb-phinf.pstatic.net/MjAxOTA3MjlfMjI1/MDAxNTY0NDA5NTQ4OTM2.maw0gZ-Fbw52tIhPtHdByNYRCKec0SngeYnyhFhpDogg.YGrMPRSxoEvMSLYH653MWwkdeofyt8p9p71sSr-N6y0g.JPEG.guebyul/DSC05726.JPG?type=f100_webp)](https://m.blog.naver.com/guebyul/221590758387#) \n*   [![Image 74](https://mblogthumb-phinf.pstatic.net/MjAxOTA3MjlfMTgz/MDAxNTY0NDA5NTUwODM5.QKBfjvj1tn_Lp4kLWPlnOH7EOs8Uahn-XNCSe8W_dK4g.r6W5sGJtswCHNr7lClLOMHReevicPaZZZ_MXPWDExi8g.JPEG.guebyul/DSC05727.JPG?type=f100_webp)](https://m.blog.naver.com/guebyul/221590758387#) \n*   [![Image 75](https://mblogthumb-phinf.pstatic.net/MjAxOTA3MjlfMjUg/MDAxNTY0NDA5NTUyNjQ1.NIBpeFtSBONkpCv_TDukZ4wMImXXNpV2gJOvZjNguWUg.k_F-v8Kg3ThxAfdDLLJZwuqlzRDYOjzPd3Fs-sMxjcUg.JPEG.guebyul/DSC05728.JPG?type=f100_webp)](https://m.blog.naver.com/guebyul/221590758387#) \n*   [![Image 76](https://mblogthumb-phinf.pstatic.net/MjAxOTA3MjlfMTE3/MDAxNTY0NDA5NTU0NDg2.nXCXvkl0riVkmb0SnwY_WYe2W1TodDzxDbtbFgaZndQg.GqS5iLN-Xux55q5HCSpURe4IslFbQYALKB697BKjPv8g.JPEG.guebyul/DSC05729.JPG?type=f100_webp)](https://m.blog.naver.com/guebyul/221590758387#) \n*   [![Image 77](https://mblogthumb-phinf.pstatic.net/MjAxOTA3MjlfMjYz/MDAxNTY0NDA5NTU2MzQz.nc0lUDhsRz4-C0a0U_N2TKdoKRK0Ou_BNqqOfXl99IEg.uYySGeaZp1MdTadamCj7z9oWCRKMgXGeJ8rz70WLp2Eg.JPEG.guebyul/DSC05731.JPG?type=f100_webp)](https://m.blog.naver.com/guebyul/221590758387#) \n*   [![Image 78](https://mblogthumb-phinf.pstatic.net/MjAxOTA3MjlfMyAg/MDAxNTY0NDA5NTU4MTg4.U5y1-rBJzDopKSdQsvrZ5Sa0M102wGoB4if2gKiBUQwg.Dww0YWVc9pZIM9oFq8oK3EScw3R6IybDvLzEPkNiNIwg.JPEG.guebyul/DSC05735.JPG?type=f100_webp)](https://m.blog.naver.com/guebyul/221590758387#) \n*   [![Image 79](https://mblogthumb-phinf.pstatic.net/MjAxOTA3MjlfMTI5/MDAxNTY0NDA5NTU5NTgx.qWmOJwxY5Wf74ysFHLxn9r43ZgXCH8SVsUJxt15tzysg.UX3dTe0i3YUiUFxltyS_1ITVSNadeco7lmglcVAZTUog.PNG.guebyul/%25EC%258A%25A4%25ED%2581%25AC%25EB%25A6%25B0%25EC%2583%25B7_2019-07-20_%25EC%2598%25A4%25ED%259B%2584_5.42.04.png?type=f100_webp)](https://m.blog.naver.com/guebyul/221590758387#) \n*   [![Image 80](https://mblogthumb-phinf.pstatic.net/MjAxOTA3MjlfMTA2/MDAxNTY0NDA5NTYxMTkx.R6PpWeb5e5kUS3TxwEc-ZVcc2bv8le__4SM2etI8454g.U_r9t6sQxA1AZFPX4SustZG693PbFfdIscGvzNbkqAkg.JPEG.guebyul/DSC05738.JPG?type=f100_webp)](https://m.blog.naver.com/guebyul/221590758387#) \n*   [![Image 81](https://mblogthumb-phinf.pstatic.net/MjAxOTA3MjlfMjk1/MDAxNTY0NDA5NTYyNzA3.09mQY-ZIQcP6h9DIPOrFh0vErAEzTo7O26vzFa9ApoQg.7Oa5syhPR5wf_mX9QfnvXgTxSI3rSK-7qTueVz693hEg.PNG.guebyul/%25EC%258A%25A4%25ED%2581%25AC%25EB%25A6%25B0%25EC%2583%25B7_2019-07-20_%25EC%2598%25A4%25ED%259B%2584_5.42.14.png?type=f100_webp)](https://m.blog.naver.com/guebyul/221590758387#) \n*   [![Image 82](https://mblogthumb-phinf.pstatic.net/MjAxOTA3MjlfMTgz/MDAxNTY0NDA5NTY1MDkx.DBxsQV_X42EPmpUGfiF5J_e17e-k0ZZy3tBUNgeksxAg.qlSB59OhbRoRrYkb0ricErQhupK0sHO-rvVEePTWkw0g.JPEG.guebyul/DSC05744.JPG?type=f100_webp)](https://m.blog.naver.com/guebyul/221590758387#) \n*   [![Image 83](https://mblogthumb-phinf.pstatic.net/MjAxOTA3MjlfNTAg/MDAxNTY0NDA5NTY2NzM4.pfB3luP0fZNC-t-rWgbcWygyeSN1rTdfcd9t4i5TtGwg.BaJt4QnSADM4Z0bZoNpy9ilm-zAMB5U5D9WrO-W-AZ4g.PNG.guebyul/%25EC%258A%25A4%25ED%2581%25AC%25EB%25A6%25B0%25EC%2583%25B7_2019-07-20_%25EC%2598%25A4%25ED%259B%2584_5.42.23.png?type=f100_webp)](https://m.blog.naver.com/guebyul/221590758387#) \n*   [![Image 84](https://mblogthumb-phinf.pstatic.net/MjAxOTA3MjlfNTEg/MDAxNTY0NDA5NTY3OTU2.iHt9Tsm6woCSmM94CgQHprVk9OuY3iFwCDwvmhdwKYsg.jqJ2X6tEZZSdhe7Mr0tR2HnUW_P2RyD4YhDKnD83GcAg.PNG.guebyul/%25EC%258A%25A4%25ED%2581%25AC%25EB%25A6%25B0%25EC%2583%25B7_2019-07-20_%25EC%2598%25A4%25ED%259B%2584_5.42.43.png?type=f100_webp)](https://m.blog.naver.com/guebyul/221590758387#) \n*   [![Image 85](https://mblogthumb-phinf.pstatic.net/MjAxOTA3MjlfMTU4/MDAxNTY0NDA5NTY5NTkw.aEPsN_GxSrYtsXsy4VbiAegDhdqaf4g53JjeJW7JB3Ug.vo36EhSzZcQgKSe5vExUHTd10X9LlAIUvjybybMAeDog.JPEG.guebyul/DSC05747.JPG?type=f100_webp)](https://m.blog.naver.com/guebyul/221590758387#) \n*   [![Image 86](https://mblogthumb-phinf.pstatic.net/MjAxOTA3MjlfMTIz/MDAxNTY0NDA5NTcxNzgz.daD7t7VevZnxOg1TM9hozmCFIwJ1V5Jp3nqa0kjxm4cg.In-KT0GTCi6GYwmZRY1s17mgVn_7kA7_Sg6PLXWb6C4g.JPEG.guebyul/DSC05754.JPG?type=f100_webp)](https://m.blog.naver.com/guebyul/221590758387#) \n*   [![Image 87](https://mblogthumb-phinf.pstatic.net/MjAxOTA3MjlfNzgg/MDAxNTY0NDA5NTczNzA3.t0PArSUTdnmVkHKwcvivX2I5r_XWElXEalrrwuPu5dcg.zQGnLdzoUwMchPLTmPHLjQn5K_Ncvpb4CvPgbgtJZXsg.JPEG.guebyul/DSC05756.JPG?type=f100_webp)](https://m.blog.naver.com/guebyul/221590758387#) \n*   [![Image 88](https://mblogthumb-phinf.pstatic.net/MjAxOTA3MjlfMjk4/MDAxNTY0NDA5NTc1Njcz.EEHex3DAbjulW9Ab9yxobyU6kMp9B4RyG6rqsB3ofJog.D0Rm9_zFgElo4SXJOc9NWWz869E2DM3He0sovWgo9zYg.JPEG.guebyul/DSC05757.JPG?type=f100_webp)](https://m.blog.naver.com/guebyul/221590758387#) \n*   [![Image 89](https://mblogthumb-phinf.pstatic.net/MjAxOTA3MjlfMTE2/MDAxNTY0NDA5NTc3NDk2.REaRPwezzegzYGfDKB-JkNfw8IOtGQ5qQkMiivS8rwcg.mj6JSM3K1xH9AwKezyaQdgYalQ7cKuS630N4ffLsrmcg.JPEG.guebyul/DSC05758.JPG?type=f100_webp)](https://m.blog.naver.com/guebyul/221590758387#) \n*   [![Image 90](https://mblogthumb-phinf.pstatic.net/MjAxOTA3MjlfMTQ2/MDAxNTY0NDA5NTc5NTgx.4-wcknFMl4KWGJTKaw-XE0o3O7hF15ffmS7uevLglCkg.fj2W8FgoM7D5gxY-K1gfqj3uTEAWj3sCLME52ru34C0g.JPEG.guebyul/DSC05759.JPG?type=f100_webp)](https://m.blog.naver.com/guebyul/221590758387#) \n*   [![Image 91](https://mblogthumb-phinf.pstatic.net/MjAxOTA3MjlfMTQy/MDAxNTY0NDA5NTgxODAw.wjj-Lwr3b4h1-Lj3vzdXFnM58Hw51iFQfB7U-42xnFAg.q_Uec4b9li4Ew2EcVD_YU0QxfW9z2SiAukJZL6291C0g.JPEG.guebyul/DSC05761.JPG?type=f100_webp)](https://m.blog.naver.com/guebyul/221590758387#) \n*   [![Image 92](https://mblogthumb-phinf.pstatic.net/MjAxOTA3MjlfMjcg/MDAxNTY0NDA5NTA1MTM5.pUQ9qQ5ERGzNU32gzanXH7VHf47yHyyLdGLyCrXnEkAg.w1Odq_thKdhSh5EgS9YB1vXe3pCM_4ahGZb3MkhQr1kg.PNG.guebyul/%25EC%258A%25A4%25ED%2581%25AC%25EB%25A6%25B0%25EC%2583%25B7_2019-07-20_%25EC%2598%25A4%25ED%259B%2584_5.43.25.png?type=f100_webp)](https://m.blog.naver.com/guebyul/221590758387#) \n\n닫기\n\n![Image 93](https://m.blog.naver.com/guebyul/221590758387)"
      },
      {
        "platform": "blog",
        "title": "요.알.못. 분들께 항상 추천드리는 설로인(채끝등심) 스테이크 ...",
        "url": "https://www.instagram.com/p/DDd4kXOyUIu/",
        "snippet": "Instagram\n\n 스테이크예요. \n\n🧐🧐 왜 추천드리냐..!?\n\n설로인은 과하지도 부족하지도 않은\n\n적당한 마블링이 고루고루 퍼져 있어 \n\n오버쿡이 되어도 퍽퍽하지 않아 \n\n맛있게 드실 수 있기 때문이예요. \n\n(소의 등급마다 설로인의 굽기 정도는 \n\n다르지만 저희 다솜 투뿔넘버나인등급은\n\n설로인 오버쿡 되어도 충분히 부드러워요.\n\n소의 등급 참고해주세요 ^^ )\n\n이번 소는 크기 만큼이나 설로인 크기도 크답니다. \n\n1덩이 기준 두께: 3~3.5cm / 중량: 500~600g \n\n성인 2명 , 미취학 아동1 / 드실 수 있는 양이예요.\n\n🎄나는 요.알.못이나 스테이크는 굽고 싶다?! \n\n하시면 \"설로인\" (채끝등심) 스테이크 추천드려요! \n\n▪️다솜은 1++ 한우 No.9 최상위등급 판매▪️\n\n#설로인# 설로인스테이크 #한우스테이크\n\n#다솜축산#다솜프리미엄축산\n\n#정육점#세종정육점#대전정육점\n\n#크리스마스#홈파티 [...] Image 8: 사위와 장모의 리얼 대화 속에 등장한 요즘 저희 가족의 핫템! 바로 ✨ 항아리 화로 ✨예요. 고기만? 아니쥬~!! 장어, 삼겹살, 전복, 버섯 등등등 뭘 구워도 진심, 더 맛있어져요. (저희 가족 모두 반했다지요😍😍) 👉 구매정보는 스토리 하이라이트 1번 참고 부탁드려요! 다솜한우의 풍미를 더욱 완성시켜주는 🌟항아리화로🌟 내돈 내산으로 진심 추천해요💛 #항아리화로 #불판추천 #다솜축산 #다솜프리미엄축산 #캠핑화로추천 #캠핑장비추천 #숯불한우구이\n\nImage 9: 뭘까요? 통으로 구워 육즙을 꽉 가두고 챡챡 썰어 먹는 순간! 진짜 맛있는 그 부위 😍😍 바로 안창! 안창살이죠! 내장 가까이에 있어 특유의 깊은 육향이 살아있고, 고기 좀 먹어봤다! 하는 분들은 무조건 아는 그 맛! \"안창살\" 통으로 구워 드셔보세요오✌️ ▪️다솜은 1++ 한우 No.9 최상위등급 판매▪️ #안창살 #다솜축산 #다솜프리미엄축산 [...] Image 12: 저희 다솜에서 얼마나 야무지고 깔끔하게 손질하시는지 보이시죠? 😎😎 순수! 고기만 드실 수 있게 기름, 덧살, 떡심을 모~두 제거해 손질 작업한답니다 🙌 🙌 고기의 두께에 따라 굽는방법과 느끼는 식감이 다르듯 취향대로 맛보고 즐기실 수 있게 1:1 맞춤 주문으로 준비해드린답니다. 다솜에선 순수 고기만 드시는거예요😉😉 ▪️다솜은 1++ 한우 No.9 최상위등급 판매▪️ #한우립아이 #새우살 #알등심 #다솜축산 #다솜프리미엄축산",
        "score": 0.17592032,
        "timestamp": "2025-11-29T02:23:19.243976",
        "raw_content": "Instagram\n\n===============\n\n[](https://www.instagram.com/)\n\n[Log In](https://www.instagram.com/accounts/login/?next=%2Fp%2FDDd4kXOyUIu%2F&source=desktop_nav)\n\n[Sign Up](https://www.instagram.com/accounts/emailsignup/)\n\n*   ![Image 1: Photo by 다솜프리미엄축산▪️1++ 한우 No.9 최상위등급▪️ on December 11, 2024.](https://instagram.fmem1-2.fna.fbcdn.net/v/t51.29350-15/469891985_593912496622106_3239733094440931375_n.heic?stp=dst-jpg_e35_tt6&efg=eyJ2ZW5jb2RlX3RhZyI6IkNBUk9VU0VMX0lURU0uaW1hZ2VfdXJsZ2VuLjE0NDB4MTgwMC5zZHIuZjI5MzUwLmRlZmF1bHRfaW1hZ2UuYzIifQ&_nc_ht=instagram.fmem1-2.fna.fbcdn.net&_nc_cat=102&_nc_oc=Q6cZ2QGTigf0GDgjhKABYQ9SxnqVGnnsj1f0bcTDwvT596lKJgs5k6uFnYfLw2-uFTom0Vg&_nc_ohc=XZrvuCSmpQwQ7kNvwGi5TZV&_nc_gid=WbV4fAnZQ4uUMisadZn2BQ&edm=APs17CUBAAAA&ccb=7-5&ig_cache_key=MzUyMTIxOTI2MTgzMjQ4MDUyOQ%3D%3D.3-ccb7-5&oh=00_AfjSDQeFWS3w7Rq6NxfWOLpjb3ymuxIRsTCyvMUvVMElOw&oe=692FBE4B&_nc_sid=10d13b)      \n*   ![Image 2](https://instagram.fmem1-1.fna.fbcdn.net/v/t51.29350-15/469948192_9360345327342435_1092012318113572656_n.jpg?stp=dst-jpg_e15_tt6&efg=eyJ2ZW5jb2RlX3RhZyI6IkNBUk9VU0VMX0lURU0uaW1hZ2VfdXJsZ2VuLjcyMHg5MDAuc2RyLmYyOTM1MC5kZWZhdWx0X2NvdmVyX2ZyYW1lLmMyIn0&_nc_ht=instagram.fmem1-1.fna.fbcdn.net&_nc_cat=103&_nc_oc=Q6cZ2QGTigf0GDgjhKABYQ9SxnqVGnnsj1f0bcTDwvT596lKJgs5k6uFnYfLw2-uFTom0Vg&_nc_ohc=8N06H0jAExcQ7kNvwGVJtFE&_nc_gid=WbV4fAnZQ4uUMisadZn2BQ&edm=APs17CUBAAAA&ccb=7-5&ig_cache_key=MzUyMTIxODkwMTQ4MjkzMDkwMw%3D%3D.3-ccb7-5&oh=00_Afi0kbD1RmmQf6ok3xpk_9UVdZ5VzuFymsJfqHF3Ema03w&oe=692F97A0&_nc_sid=10d13b)                \n\n![Image 3: butchers_dasom's profile picture](https://instagram.fmem1-1.fna.fbcdn.net/v/t51.2885-19/321052691_1208075336730253_7120793894182134598_n.jpg?stp=dst-jpg_s150x150_tt6&efg=eyJ2ZW5jb2RlX3RhZyI6InByb2ZpbGVfcGljLmRqYW5nby4xMDgwLmMyIn0&_nc_ht=instagram.fmem1-1.fna.fbcdn.net&_nc_cat=101&_nc_oc=Q6cZ2QGTigf0GDgjhKABYQ9SxnqVGnnsj1f0bcTDwvT596lKJgs5k6uFnYfLw2-uFTom0Vg&_nc_ohc=BNz16of203UQ7kNvwHZk4DC&_nc_gid=WbV4fAnZQ4uUMisadZn2BQ&edm=APs17CUBAAAA&ccb=7-5&oh=00_Afi8ifpoPo0GyYr-vF0UQit2Kr_aHCfFrdcsyDi9qUe3ZA&oe=692F9434&_nc_sid=10d13b)\n\n[butchers_dasom](https://www.instagram.com/butchers_dasom/)\n\n•\n\nFollow\n\n* * *\n\n[![Image 4: butchers_dasom's profile picture](https://instagram.fmem1-1.fna.fbcdn.net/v/t51.2885-19/321052691_1208075336730253_7120793894182134598_n.jpg?stp=dst-jpg_s150x150_tt6&efg=eyJ2ZW5jb2RlX3RhZyI6InByb2ZpbGVfcGljLmRqYW5nby4xMDgwLmMyIn0&_nc_ht=instagram.fmem1-1.fna.fbcdn.net&_nc_cat=101&_nc_oc=Q6cZ2QGTigf0GDgjhKABYQ9SxnqVGnnsj1f0bcTDwvT596lKJgs5k6uFnYfLw2-uFTom0Vg&_nc_ohc=BNz16of203UQ7kNvwHZk4DC&_nc_gid=WbV4fAnZQ4uUMisadZn2BQ&edm=APs17CUBAAAA&ccb=7-5&oh=00_Afi8ifpoPo0GyYr-vF0UQit2Kr_aHCfFrdcsyDi9qUe3ZA&oe=692F9434&_nc_sid=10d13b)](https://www.instagram.com/butchers_dasom/)\n\n[butchers_dasom](https://www.instagram.com/butchers_dasom/)Edited•50w\n\n요.알.못. 분들께 항상 추천드리는\n\n설로인(채끝등심) 스테이크예요. \n\n🧐🧐 왜 추천드리냐..!?\n\n설로인은 과하지도 부족하지도 않은\n\n적당한 마블링이 고루고루 퍼져 있어 \n\n오버쿡이 되어도 퍽퍽하지 않아 \n\n맛있게 드실 수 있기 때문이예요. \n\n(소의 등급마다 설로인의 굽기 정도는 \n\n다르지만 저희 다솜 투뿔넘버나인등급은\n\n설로인 오버쿡 되어도 충분히 부드러워요.\n\n소의 등급 참고해주세요 ^^ )\n\n이번 소는 크기 만큼이나 설로인 크기도 크답니다. \n\n1덩이 기준 두께: 3~3.5cm / 중량: 500~600g \n\n성인 2명 , 미취학 아동1 / 드실 수 있는 양이예요.\n\n🎄나는 요.알.못이나 스테이크는 굽고 싶다?! \n\n하시면 \"설로인\" (채끝등심) 스테이크 추천드려요! \n\n▪️다솜은 1++ 한우 No.9 최상위등급 판매▪️\n\n[#설로인](https://www.instagram.com/explore/tags/%EC%84%A4%EB%A1%9C%EC%9D%B8/)# 설로인스테이크 [#한우스테이크](https://www.instagram.com/explore/tags/%ED%95%9C%EC%9A%B0%EC%8A%A4%ED%85%8C%EC%9D%B4%ED%81%AC/)\n\n[#다솜축산](https://www.instagram.com/explore/tags/%EB%8B%A4%EC%86%9C%EC%B6%95%EC%82%B0/)[#다솜프리미엄축산](https://www.instagram.com/explore/tags/%EB%8B%A4%EC%86%9C%ED%94%84%EB%A6%AC%EB%AF%B8%EC%97%84%EC%B6%95%EC%82%B0/)\n\n[#정육점](https://www.instagram.com/explore/tags/%EC%A0%95%EC%9C%A1%EC%A0%90/)[#세종정육점](https://www.instagram.com/explore/tags/%EC%84%B8%EC%A2%85%EC%A0%95%EC%9C%A1%EC%A0%90/)[#대전정육점](https://www.instagram.com/explore/tags/%EB%8C%80%EC%A0%84%EC%A0%95%EC%9C%A1%EC%A0%90/)\n\n[#크리스마스](https://www.instagram.com/explore/tags/%ED%81%AC%EB%A6%AC%EC%8A%A4%EB%A7%88%EC%8A%A4/)[#홈파티](https://www.instagram.com/explore/tags/%ED%99%88%ED%8C%8C%ED%8B%B0/)\n\n[![Image 5: jamiliena's profile picture](https://instagram.fmem1-2.fna.fbcdn.net/v/t51.2885-19/490586824_1180199923581508_8275829055598704129_n.jpg?stp=dst-jpg_s150x150_tt6&efg=eyJ2ZW5jb2RlX3RhZyI6InByb2ZpbGVfcGljLmRqYW5nby4xMDgwLmMyIn0&_nc_ht=instagram.fmem1-2.fna.fbcdn.net&_nc_cat=104&_nc_oc=Q6cZ2QEW0CcoSdMsKy7NfYknxJiSowxrrnet0Ib6V77cpuiPVnZ4011f69W2Zp6JgJT76sk&_nc_ohc=0teY42nhsMsQ7kNvwFwRB5L&_nc_gid=WbV4fAnZQ4uUMisadZn2BQ&edm=APs17CUBAAAA&ccb=7-5&oh=00_Afi02gGcSwRI4xiBr8QhIy9HN32PoPBS_rY82yzwLh57Lg&oe=692FB3D4&_nc_sid=10d13b)](https://www.instagram.com/jamiliena/)\n\n[jamiliena](https://www.instagram.com/jamiliena/)[43w](https://www.instagram.com/p/DDd4kXOyUIu/c/17994845648750011/)\n\nBy skipping fruits and vegetables, people likely won’t get enough fiber in their diets, which can affect gut health. They also will miss out on carotenoids and polyphenols, substances with antioxidant properties that have been linked to lower risk of chronic diseases such as Type 2 diabetes and some types of cancer. Animal products also contain high amounts of saturated fat and cholesterol.\n\nLike\n\nReply\n\n[![Image 6: leeddss_91's profile picture](https://instagram.fmem1-2.fna.fbcdn.net/v/t51.2885-19/483391739_983276866669954_371137843676792507_n.jpg?stp=dst-jpg_s150x150_tt6&efg=eyJ2ZW5jb2RlX3RhZyI6InByb2ZpbGVfcGljLmRqYW5nby4xMDgwLmMyIn0&_nc_ht=instagram.fmem1-2.fna.fbcdn.net&_nc_cat=110&_nc_oc=Q6cZ2QEW0CcoSdMsKy7NfYknxJiSowxrrnet0Ib6V77cpuiPVnZ4011f69W2Zp6JgJT76sk&_nc_ohc=uhN6_znK1oAQ7kNvwEKZdE9&_nc_gid=WbV4fAnZQ4uUMisadZn2BQ&edm=APs17CUBAAAA&ccb=7-5&oh=00_Afiss8S1VQ-75_xBNLWRg1n5Qmj-6anJ0D-WXCQS3ITWDw&oe=692FA4DB&_nc_sid=10d13b)](https://www.instagram.com/leeddss_91/)\n\n[leeddss_91](https://www.instagram.com/leeddss_91/)[50w](https://www.instagram.com/p/DDd4kXOyUIu/c/17854199499341854/)\n\n올리브유에 하시는건가요??\n\nLike\n\nReply\n\n[662 likes](https://www.instagram.com/p/DDd4kXOyUIu/liked_by/)\n\n[December 12, 2024](https://www.instagram.com/butchers_dasom/p/DDd4kXOyUIu/)\n\n[Log in](https://www.instagram.com/accounts/login/?next=%2Fp%2FDDd4kXOyUIu%2F&source=post_comment_input) to like or comment.\n\n* * *\n\nMore posts from [butchers_dasom](https://www.instagram.com/butchers_dasom/)\n\n[![Image 7: 저희 다솜의 한우선물세트 한번에 보이시쥬? 🥰🥰 이번 25년 한가위 추석에도 저희 다솜에서 감사의 마음을 담아 정성껏 준비해드릴게요. 🌷다솜은 한우선물세트는🌷 1++ 한우 BMS NO.9 선별 최상위등급으로만 1가지 등급으로만 제작하며 사전예약 구매 . ◾️ 포장 ▫️기본: 다솜로고가방 또는 고급 보자기추가 (만원) ◾️ 택배 마지막 발송일 ▫️10.1 수 발송 / 2 목 수령예정이나 조율중으로 변동있음 ▫️택배사: 로젠택배 / 신선식품으로 발송 다음날 수령 수령시간은 지역별 상이하며, 수령 원하는 날에 맞춰 발송가능합니다. (토,일 발송 불가) ◾️ 퀵 발송 ▫️세종: 기본 12,000원 ~ ▫️대전: 기본 3만원~ #다솜축산 #다솜프리미엄축산 #세종정육점 #한우선물세트 #한우선물 #선물세트 #koreabeef #hanwoobeef #설선물세트 #명절선물 #부산정육점 #정육점 #고급선물세트](https://scontent.cdninstagram.com/v/t51.82787-15/541145396_18071498699278024_4821114129489288022_n.heic?stp=dst-jpg_e35_tt6&_nc_cat=106&ig_cache_key=MzcxMjQ5NjI4NTE2MjQ5NjQ5OQ%3D%3D.3-ccb7-5&ccb=7-5&_nc_sid=58cdad&efg=eyJ2ZW5jb2RlX3RhZyI6InhwaWRzLjE0NDB4MTQ0MC5zZHIuQzMifQ%3D%3D&_nc_ohc=mssFeXrTbWQQ7kNvwGkD2gx&_nc_oc=AdnOuhuW0hQKU2UlX-0NxkY3DO1lbUpR3Ig08IZLWn_uR-U_BqGvLOP8NTCZWvlWjcQ&_nc_ad=z-m&_nc_cid=0&_nc_zt=23&_nc_ht=scontent.cdninstagram.com&_nc_gid=WbV4fAnZQ4uUMisadZn2BQ&oh=00_AfhWQKY5ZxnYSOqjOeA_FFLiPUepFUIvZ39e_AregqueEw&oe=692F9CF0)](https://www.instagram.com/butchers_dasom/p/DOFb7bNkeim/)\n\n[![Image 8: 사위와 장모의 리얼 대화 속에 등장한 요즘 저희 가족의 핫템! 바로 ✨ 항아리 화로 ✨예요. 고기만? 아니쥬~!! 장어, 삼겹살, 전복, 버섯 등등등 뭘 구워도 진심, 더 맛있어져요. (저희 가족 모두 반했다지요😍😍) 👉 구매정보는 스토리 하이라이트 1번 참고 부탁드려요! 다솜한우의 풍미를 더욱 완성시켜주는 🌟항아리화로🌟 내돈 내산으로 진심 추천해요💛 #항아리화로 #불판추천 #다솜축산 #다솜프리미엄축산 #캠핑화로추천 #캠핑장비추천 #숯불한우구이](https://scontent.cdninstagram.com/v/t51.71878-15/516474510_685590254523131_2320808102495522016_n.jpg?stp=dst-jpg_e15_tt6&_nc_cat=110&ig_cache_key=MzY3Mjc1MDczNjA4MjAzOTkwMA%3D%3D.3-ccb7-5&ccb=7-5&_nc_sid=58cdad&efg=eyJ2ZW5jb2RlX3RhZyI6InhwaWRzLjY0MHgxMTM2LnNkci5DMyJ9&_nc_ohc=X9O0YiJOsxkQ7kNvwFcSXRF&_nc_oc=AdlbVaXWAK-AT50OdSgR7mXi_lZr6f-XquOq5Xuctxo_0vAFnnF-6foVl4u0ITpMTCU&_nc_ad=z-m&_nc_cid=0&_nc_zt=23&_nc_ht=scontent.cdninstagram.com&_nc_gid=WbV4fAnZQ4uUMisadZn2BQ&oh=00_Afh9bfZ5wNiDD8i0_gF4mFjPUrv6sIo-7I72e7oD8dIsqg&oe=692FA9F5)](https://www.instagram.com/butchers_dasom/reel/DL4O1XcuXRc/)\n\n[![Image 9: 뭘까요? 통으로 구워 육즙을 꽉 가두고 챡챡 썰어 먹는 순간! 진짜 맛있는 그 부위 😍😍 바로 안창! 안창살이죠! 내장 가까이에 있어 특유의 깊은 육향이 살아있고, 고기 좀 먹어봤다! 하는 분들은 무조건 아는 그 맛! \"안창살\" 통으로 구워 드셔보세요오✌️ ▪️다솜은 1++ 한우 No.9 최상위등급 판매▪️ #안창살 #다솜축산 #다솜프리미엄축산](https://scontent.cdninstagram.com/v/t51.71878-15/584407318_3381564038648893_3580673856932499832_n.jpg?stp=dst-jpg_e15_tt6&_nc_cat=108&ig_cache_key=Mzc3NTY3NDQ2MzM1MTMwMjc5Mw%3D%3D.3-ccb7-5&ccb=7-5&_nc_sid=58cdad&efg=eyJ2ZW5jb2RlX3RhZyI6InhwaWRzLjY0MHgxMTM2LnNkci5DMyJ9&_nc_ohc=xCBVRSDvXs4Q7kNvwE4EzwD&_nc_oc=AdkCkenUNtdo-mxGMmrrIhaEUiDJpoAxeWn7QaypvR-i8pRCr0uAf4IMSBeJswNsjiM&_nc_ad=z-m&_nc_cid=0&_nc_zt=23&_nc_ht=scontent.cdninstagram.com&_nc_gid=WbV4fAnZQ4uUMisadZn2BQ&oh=00_AfgSnYOi0FRJmaLgUKIhj9_NOWUrXQLMZ9MOUnjn-2sQ0g&oe=692FC6E0)](https://www.instagram.com/butchers_dasom/reel/DRl4-uHkWqJ/)\n\n[![Image 10: Photo by 다솜프리미엄축산▪️1++ 한우 No.9 최상위등급▪️ in 강남 압구정. May be an image of steak, beef, fillet and text.](https://scontent.cdninstagram.com/v/t51.82787-15/587216074_18081053678278024_7704768420270704358_n.jpg?stp=dst-jpg_e35_tt6&_nc_cat=111&ig_cache_key=Mzc3NTA3MzYzNDc5Nzg2NTEzOA%3D%3D.3-ccb7-5&ccb=7-5&_nc_sid=58cdad&efg=eyJ2ZW5jb2RlX3RhZyI6InhwaWRzLjE0NDB4MTg2OC5zZHIuQzMifQ%3D%3D&_nc_ohc=3xqqngxwP7IQ7kNvwETdQQg&_nc_oc=AdkwFgHEw0leY5CZvclImuDt33OsZ7YIk6OR91UcM04s9W_PfdI76q0eS-gIvLqcjLo&_nc_ad=z-m&_nc_cid=0&_nc_zt=23&_nc_ht=scontent.cdninstagram.com&_nc_gid=WbV4fAnZQ4uUMisadZn2BQ&oh=00_AfjtDkR9UCeql0Llk4se14I9Gbrlxp5k-k71y18n2W6lYA&oe=692FC921)](https://www.instagram.com/butchers_dasom/p/DRjwXg7Eciy/)\n\n[![Image 11: 다솜 돼지고기 드셔보신 분들은 유황먹인 선별 암돼지의 맛! 아시죠? 돼지도 다 같은 돼지가 아니니까요🧏‍♀️🧏‍♀️ 🎈김장철 초특가세일 11.30 (일)까지🎈 🌟유황포크 선별 암돼지 SALE🌟 (100g당) ▫️삼겹살 3,200→1,990원 ▫️목살 3,000→1,990원 ▫️앞다리 1,950→1,650원 ▫️돼지갈비 1,650→1,490원 ▫️등갈비 2,900→2,500원 #다솜축산 #다솜프리미엄축산 #유황먹인돼지 #삼겹살세일 #돼지고기세일 #김장철특가](https://scontent.cdninstagram.com/v/t51.71878-15/589026913_1128610492416106_7296120660902381138_n.jpg?stp=dst-jpg_e15_tt6&_nc_cat=106&ig_cache_key=Mzc3NTAwMTQzODkzMDk4NTE5OA%3D%3D.3-ccb7-5&ccb=7-5&_nc_sid=58cdad&efg=eyJ2ZW5jb2RlX3RhZyI6InhwaWRzLjY0MHgxMTM2LnNkci5DMyJ9&_nc_ohc=PWsIycOElwcQ7kNvwGbtVVk&_nc_oc=AdnlK-fHMPt_5MA-q63TiJkAb6JqgdR8FJbvLytcDtczrtpbL-kKk4xVpIdOxz3DMCU&_nc_ad=z-m&_nc_cid=0&_nc_zt=23&_nc_ht=scontent.cdninstagram.com&_nc_gid=WbV4fAnZQ4uUMisadZn2BQ&oh=00_AfjQ54u0wVQi7RYfMxtohcir6qPIV3nhnHjhIDQCmExgfA&oe=692FC5F2)](https://www.instagram.com/butchers_dasom/reel/DRjf87SEeDu/)\n\n[![Image 12: 저희 다솜에서 얼마나 야무지고 깔끔하게 손질하시는지 보이시죠? 😎😎 순수! 고기만 드실 수 있게 기름, 덧살, 떡심을 모~두 제거해 손질 작업한답니다 🙌 🙌 고기의 두께에 따라 굽는방법과 느끼는 식감이 다르듯 취향대로 맛보고 즐기실 수 있게 1:1 맞춤 주문으로 준비해드린답니다. 다솜에선 순수 고기만 드시는거예요😉😉 ▪️다솜은 1++ 한우 No.9 최상위등급 판매▪️ #한우립아이 #새우살 #알등심 #다솜축산 #다솜프리미엄축산](https://scontent.cdninstagram.com/v/t51.71878-15/589313258_1470040864093903_6354612732565615156_n.jpg?stp=dst-jpg_e15_tt6&_nc_cat=111&ig_cache_key=Mzc3NDg4NzU5MDk0MDk3MDU2NQ%3D%3D.3-ccb7-5&ccb=7-5&_nc_sid=58cdad&efg=eyJ2ZW5jb2RlX3RhZyI6InhwaWRzLjY0MHgxMTM2LnNkci5DMyJ9&_nc_ohc=G-Rmxch-VjoQ7kNvwH_fZ8_&_nc_oc=Adna83aVstJI5ERcopbA70elkTQufNp7cngccwjrs-s205g3mpnF2qCJ0o_ZL1NkxOw&_nc_ad=z-m&_nc_cid=0&_nc_zt=23&_nc_ht=scontent.cdninstagram.com&_nc_gid=WbV4fAnZQ4uUMisadZn2BQ&oh=00_Aficmvd-JVNwQUHsQyNUu0EdT_mNuVI83AJbGGl96nCuVQ&oe=692FC03D)](https://www.instagram.com/butchers_dasom/reel/DRjGEOFEQ5F/)\n\n[![Image 13: 오늘도 감사해요 🫶 정성을 다해 준비해드린 \"다솜 한우고급세트\" 뜻깊은 선물이 되길 바랄게요🩷 . 🎁 한우선물세트 (고급) (새우살, 살치살, 치마살, 알등심) 4가지 부위로만 구성 ▫️1 kg (3,4인) 230,000원 ▫️1.25kg (4,5인) 287,000원 ▫️1.5kg~ (5,6인) 345,000~500,000원 🌷 다솜한우선물세트는 모두 구이용으로 제작 구성되며 상시진열 상품이 아닌 주문시 제작되기에 미리 예약구매 부탁드려요. ▪️ 포장 ▫️기본: 다솜로고가방 또는 고급 보자기추가 (만원) ▪️택배 ▫️로젠 / 신선식품으로 발송 다음날 수령 ▪️퀵 발송 ▫️세종: 기본 12,000원 ~ ▫️대전: 기본 3만원~ ▪️다솜은 1++ 한우 BMS No.9 최상위등급 판매▪️ ▪️자세한 문의 및 상담: 디엠, 매장 044-868-8678▪️ #다솜프리미엄축산 #한우선물세트 #상견례선물 #이바지고기 #이바지선물](https://scontent.cdninstagram.com/v/t51.82787-15/589427931_18081029111278024_1709422090701535455_n.heic?stp=dst-jpg_e35_tt6&_nc_cat=105&ig_cache_key=Mzc3NDg1NjgyNTk4MTIxMTUxMg%3D%3D.3-ccb7-5&ccb=7-5&_nc_sid=58cdad&efg=eyJ2ZW5jb2RlX3RhZyI6InhwaWRzLjE0NDB4MTQ0MC5zZHIuQzMifQ%3D%3D&_nc_ohc=ABoZyAAE9EcQ7kNvwHcm6wZ&_nc_oc=AdkreejMAxMXykqIcp6Kvy9Hn-BuQ1usBmhAssXldR2BKsv-xyILodBTeldJRZQs5mY&_nc_ad=z-m&_nc_cid=0&_nc_zt=23&_nc_ht=scontent.cdninstagram.com&_nc_gid=WbV4fAnZQ4uUMisadZn2BQ&oh=00_AfjieS_22mTjdH7MkvBBHn1nvq-7D0uqEBDt0BLHXjGixQ&oe=692FAB72)](https://www.instagram.com/butchers_dasom/p/DRi_ErakTcZ/)\n\n[![Image 14: 오늘도 감사해요 🫶 정성을 다해 준비해드린 \"다솜 한우고급세트\" 뜻깊은 선물이 되길 바랄게요🩷 . 🎁 한우선물세트 (고급) (새우살, 살치살, 치마살, 알등심) 4가지 부위로만 구성 ▫️1 kg (3,4인) 230,000원 ▫️1.25kg (4,5인) 287,000원 ▫️1.5kg~ (5,6인) 345,000~500,000원 🌷 다솜한우선물세트는 모두 구이용으로 제작 구성되며 상시진열 상품이 아닌 주문시 제작되기에 미리 예약구매 부탁드려요. ▪️ 포장 ▫️기본: 다솜로고가방 또는 고급 보자기추가 (만원) ▪️택배 ▫️로젠 / 신선식품으로 발송 다음날 수령 ▪️퀵 발송 ▫️세종: 기본 12,000원 ~ ▫️대전: 기본 3만원~ ▪️다솜은 1++ 한우 BMS No.9 최상위등급 판매▪️ ▪️자세한 문의 및 상담: 디엠, 매장 044-868-8678▪️ #다솜프리미엄축산 #한우선물세트 #상견례선물 #이바지고기 #이바지선물](https://scontent.cdninstagram.com/v/t51.82787-15/587022827_18081028850278024_1294540039186856437_n.heic?stp=dst-jpg_e35_tt6&_nc_cat=101&ig_cache_key=Mzc3NDg1NjA2NjI1MDE0Mjg0Ng%3D%3D.3-ccb7-5&ccb=7-5&_nc_sid=58cdad&efg=eyJ2ZW5jb2RlX3RhZyI6InhwaWRzLjE0NDB4MTQ0MC5zZHIuQzMifQ%3D%3D&_nc_ohc=Rxvf1Uu-m-4Q7kNvwHZxeUU&_nc_oc=AdnEa4psKKnoT0pU_MjYM_OmvPX6BnK0LGyWDaFlN2UlB3payOKk0Vvo8IWNmBkrYJg&_nc_ad=z-m&_nc_cid=0&_nc_zt=23&_nc_ht=scontent.cdninstagram.com&_nc_gid=WbV4fAnZQ4uUMisadZn2BQ&oh=00_AfheBe0JAkQQwOXhfqISonf44yEw8PbsFgkvwJ6xd1p8LA&oe=692FA41B)](https://www.instagram.com/butchers_dasom/p/DRi-5nekZFU/)\n\n[![Image 15: 오늘도 감사해요 🫶 정성을 다해 준비해드린 \"다솜 한우고급세트\" 뜻깊은 선물이 되길 바랄게요🩷 . 🎁 한우선물세트 (고급) (새우살, 살치살, 치마살, 알등심) 4가지 부위로만 구성 ▫️1 kg (3,4인) 230,000원 ▫️1.25kg (4,5인) 287,000원 ▫️1.5kg~ (5,6인) 345,000~500,000원 🌷 다솜한우선물세트는 모두 구이용으로 제작 구성되며 상시진열 상품이 아닌 주문시 제작되기에 미리 예약구매 부탁드려요. ▪️ 포장 ▫️기본: 다솜로고가방 또는 고급 보자기추가 (만원) ▪️택배 ▫️로젠 / 신선식품으로 발송 다음날 수령 ▪️퀵 발송 ▫️세종: 기본 12,000원 ~ ▫️대전: 기본 3만원~ ▪️다솜은 1++ 한우 BMS No.9 최상위등급 판매▪️ ▪️자세한 문의 및 상담: 디엠, 매장 044-868-8678▪️ #다솜프리미엄축산 #한우선물세트 #상견례선물 #이바지고기 #이바지선물](https://scontent.cdninstagram.com/v/t51.82787-15/590943887_18081028529278024_2445549131081052687_n.heic?stp=dst-jpg_e35_tt6&_nc_cat=110&ig_cache_key=Mzc3NDg1Mzg3NTg5MjMyNjU0MQ%3D%3D.3-ccb7-5&ccb=7-5&_nc_sid=58cdad&efg=eyJ2ZW5jb2RlX3RhZyI6InhwaWRzLjE0NDB4MTQ0MC5zZHIuQzMifQ%3D%3D&_nc_ohc=4VCnNCemh_gQ7kNvwH6dYCE&_nc_oc=Adkx99eSJGc1uYBe3j5Uv08TWm9igr0V1QL5DJ379mk6NzHyjg1duCFqT0x-NMZzOJs&_nc_ad=z-m&_nc_cid=0&_nc_zt=23&_nc_ht=scontent.cdninstagram.com&_nc_gid=WbV4fAnZQ4uUMisadZn2BQ&oh=00_AfhCVqTsNQwVJy_SYmfGo9-Swp6Bmz01MGvEWqW2Sve9_A&oe=692F94D1)](https://www.instagram.com/butchers_dasom/p/DRi-ZvqEcxX/)\n\n[See more posts](https://www.instagram.com/butchers_dasom/)\n\n* * *\n\n[Meta](https://about.meta.com/)\n\n[About](https://about.instagram.com/)\n\n[Blog](https://about.instagram.com/blog/)\n\n[Jobs](https://about.instagram.com/about-us/careers)\n\n[Help](https://help.instagram.com/)\n\n[API](https://developers.facebook.com/docs/instagram)\n\n[Privacy](https://www.instagram.com/legal/privacy/)\n\n[Consumer Health Privacy](https://www.instagram.com/legal/privacy/health_privacy_policy/)\n\n[Terms](https://www.instagram.com/legal/terms/)\n\n[Locations](https://www.instagram.com/explore/locations/)\n\n[Instagram Lite](https://www.instagram.com/web/lite/)\n\n[Meta AI](https://www.meta.ai/?utm_source=foa_web_footer)\n\n[Meta AI Articles](https://www.meta.ai/pages/truck-accident-lawyer-expertise-fmcsa-regulations/?utm_source=foa_web_footer)\n\n[Threads](https://www.threads.com/)\n\n[Contact Uploading & Non-Users](https://www.facebook.com/help/instagram/261704639352628)\n\n[Meta Verified](https://www.instagram.com/accounts/meta_verified/?entrypoint=web_footer)\n\nEnglish\n\n© 2025 Instagram from Meta\n\n![Image 16: butchers_dasom's profile picture](https://instagram.fmem1-1.fna.fbcdn.net/v/t51.2885-19/321052691_1208075336730253_7120793894182134598_n.jpg?stp=dst-jpg_s150x150_tt6&efg=eyJ2ZW5jb2RlX3RhZyI6InByb2ZpbGVfcGljLmRqYW5nby4xMDgwLmMyIn0&_nc_ht=instagram.fmem1-1.fna.fbcdn.net&_nc_cat=101&_nc_oc=Q6cZ2QGTigf0GDgjhKABYQ9SxnqVGnnsj1f0bcTDwvT596lKJgs5k6uFnYfLw2-uFTom0Vg&_nc_ohc=BNz16of203UQ7kNvwHZk4DC&_nc_gid=WbV4fAnZQ4uUMisadZn2BQ&edm=APs17CUBAAAA&ccb=7-5&oh=00_Afi8ifpoPo0GyYr-vF0UQit2Kr_aHCfFrdcsyDi9qUe3ZA&oe=692F9434&_nc_sid=10d13b)\n\nNever miss a post from butchers_dasom\n\nSign up for Instagram to stay in the loop.\n\nSign up\n\nLog in"
      },
      {
        "platform": "blog",
        "title": "서울 소고기 어느부위든 9900원 - TikTok",
        "url": "https://www.tiktok.com/discover/%EC%84%9C%EC%9A%B8-%EC%86%8C%EA%B3%A0%EA%B8%B0-%EC%96%B4%EB%8A%90%EB%B6%80%EC%9C%84%EB%93%A0-9900%EC%9B%90",
        "snippet": "진짜 대박이라서, 가격대 좋게 한우만 딱 먹고오기 좋음! 지금 리뷰 작성하면 냉면도 서비스로 주시니깐 까먹지말고 꼭 먹고오기~",
        "score": 0.17246465,
        "timestamp": "2025-11-29T02:23:19.243978",
        "raw_content": null
      },
      {
        "platform": "blog",
        "title": "양주 나리공원 인근 '두가네칼국수' 맛집 소개 - TikTok",
        "url": "https://www.tiktok.com/@zzungbbang8619/video/7550465031087967496",
        "snippet": "... 한우=팔육 공식 탄생) 최상급 한우 전문 정육식당! 팔육모듬 ... 음식 #맛집리뷰 #내돈내산 #솔직후기 · Our Sweet Sunsets - GL. 5좋아요. 0",
        "score": 0.16889837,
        "timestamp": "2025-11-29T02:23:19.243980",
        "raw_content": null
      },
      {
        "platform": "blog",
        "title": "곰곰 호주산 소고기 부채살 구이용 - TikTok",
        "url": "https://www.tiktok.com/discover/%EA%B3%B0%EA%B3%B0-%ED%98%B8%EC%A3%BC%EC%82%B0-%EC%86%8C%EA%B3%A0%EA%B8%B0-%EB%B6%80%EC%B1%84%EC%82%B4-%EA%B5%AC%EC%9D%B4%EC%9A%A9",
        "snippet": "고기 없이 만드는 스테이크 어때요? 겉바속촉 두부에 새콤달콤 소스까지 올리면 정말 고기 생각 안 날 만큼 맛있어요. 🔆 재료 두부 1모 (300g) 다진 양파 2스푼 다진 당근 2스푼 다진 대파 2스푼 부침가루 3스푼 계란 1개 소금 후추 식용유 스테이크 소스 버터 15g 양파 1/2개 진간장 2스푼 소금 1꼬집 케첩 4스푼 설탕 0.3스푼 맛술 2스푼 올리고당 2스푼 🔆 레시피 1️⃣ 물기 꽉 짠 두부에 다진 양파·당근·대파, 부침가루, 계란을 넣고 소금, 후추로 간을 맞춘 뒤 부드럽게 치대어 동글 납작하게 모양 잡기 2️⃣ 버터 녹인 팬에 채 썬 양파를 볶다가 진간장, 소금, 케첩, 설탕, 맛술, 올리고당을 넣고 은근하게 졸여 스테이크 소스 만들기 3️⃣ 이제 두부 반죽을 앞뒤 노릇하게 익혀주면 #두부스테이크 #두부함박스테이크 #두부요리 #저탄수레시피 #다이어트요리\n\nImage 22 wh1te_table906 [...] Image 21: 40 Likes, 0 Comments. TikTok video from 따뜻한 식탁 (@wh1te_table): “고기 없이 만드는 스테이크 어때요? 겉바속촉 두부에 새콤달콤 소스까지 올리면 정말 고기 생각 안 날 만큼 맛있어요. 🔆 재료 두부 1모 (300g) 다진 양파 2스푼 다진 당근 2스푼 다진 대파 2스푼 부침가루 3스푼 계란 1개 소금 후추 식용유 스테이크 소스 버터 15g 양파 1/2개 진간장 2스푼 소금 1꼬집 케첩 4스푼 설탕 0.3스푼 맛술 2스푼 올리고당 2스푼 🔆 레시피 1️⃣ 물기 꽉 짠 두부에 다진 양파·당근·대파, 부침가루, 계란을 넣고 소금, 후추로 간을 맞춘 뒤 부드럽게 치대어 동글 납작하게 모양 잡기 2️⃣ 버터 녹인 팬에 채 썬 양파를 볶다가 진간장, 소금, 케첩, 설탕, 맛술, 올리고당을 넣고 은근하게 졸여 스테이크 소스 만들기 3️⃣ 이제 두부 반죽을 앞뒤 노릇하게 익혀주면 #두부스테이크 #두부함박스테이크 #두부요리 [...] #어복쟁반 물가 미쳤죠ㅠㅠ 이제 어복쟁반 하나가 10만원이 넘더라구요 저는 동네 정육점에서 호주산 소고기 덩어리(양지, 사태, 차돌양지) 총 1kg를 3만원대에 구매했어요 평양냉면집 가면 꼭 어복쟁반 팔잖아요! 그 평냉같은 맑은 육수가 포인트인데 육수 많이 만들어 두었더니 2만원씩 하는 평냉도 해먹을수 있겠더라구요💛 다음에 기회되면 평냉도 올려볼게욥😊 ─────────────────── 🧑🏻‍🍳총재료(4인분기준) 양지 덩어리 400g, 차돌양지 덩어리 200g, 사태 덩어리 400g 육수용 물 2.5L, 쑥갓 80g, 배추 3-4장(알배추1/4) 버섯(팽이, 느타리, 표고, 목이 등등) 취향껏, 삶은계란 1-2개 대파 흰부분 1대, 마늘 8개, 통후추 10알 🧑🏻‍🍳양념재료(4인분기준) 육수 양념: 참치액 1T, 국간장 1T, 소금 적당량 찍먹 소스: 간장3, 맛술1, 식초1, 설탕1, 물1, 다진마늘1/2, 다진청양고추1개 🧑🏻‍🍳만드는 법 1️⃣ 덩어리 고기는 찬물에 담가",
        "score": 0.12055289,
        "timestamp": "2025-11-29T02:23:19.243981",
        "raw_content": "곰곰 호주산 소고기 부채살 구이용 | TikTok\n\n===============\n\n1.      #### TikTok Shop is now available on web!\n\nBrowse your favorite items.      \n\n[**TikTok**](https://www.tiktok.com/)\n\nLog in\n\n[**TikTok**](https://www.tiktok.com/)\n\nSearch\n\n[For You](https://www.tiktok.com/)\n\n[Shop](https://www.tiktok.com/shop)\n\n[Explore](https://www.tiktok.com/explore)\n\n[Following](https://www.tiktok.com/following)\n\n[LIVE](https://www.tiktok.com/live)\n\n[Upload](https://www.tiktok.com/tiktokstudio/upload?from=webapp)\n\n[Profile](https://www.tiktok.com/@)\n\nMore\n\nLog in\n\n#### Company\n\n#### Program\n\n#### Terms & Policies\n\n© 2025 TikTok\n\nLog in\n\nLog in\n\n곰곰 호주산 소고기 부채살 구이용\n==================\n\n곰곰 호주산 소고기 부채살 구이용으로 완벽한 레시피와 맛있는 조리 방법을 알아보세요! 호주산 소고기 부채살 요리법, 소고기 구이 추천, 부채살 스테이크 조리법\n\n곰곰 호주산 소고기 부채살 구이용으로 완벽한 레시피와 맛있는 조리 방법을 알아보세요! 호주산 소고기 부채살 요리법, 소고기 구이 추천, 부채살 스테이크 조리법\n\nLast updated 2025-11-24\n-----------------------------------------------------------------------------------------------------------------\n\nThis information is AI generated and may return results that are not relevant. It does not represent TikTok’s views or advice. If you have concerns，please report at: [Feedback and help - TikTok](https://www.tiktok.com/feedback)\n\n[![Image 1: 59 Likes, 3 Comments. TikTok video from 렌지메이트 (@rangemate): “쿠팡 곰곰 냉동 고등어! 렌지메이트로 구워봤는데 신세계네요🤩 [요리 방법] 1.냉동 고등어(해동 필요X)준비 2.렌지메이트에 넣고 전자렌지로 4분 +뒤집어 2분 (1,000w 1쪽 기준) *껍질 말고 살부분을 먼저 굽는게 훨씬 맛있어요. *기름도 필요없답니다. 😁이거 알고나면 이제 집에 생선 먹는 날 늘어납니다. #렌지메이트 #생선구이 #생선맛있게굽는법 #집밥메뉴 #아이밥상 #유아식”.](https://p16-common-sign.tiktokcdn-us.com/tos-alisg-p-0037/owfMjLIRIgeQAHR6fjesczNAGFNGbGAjGHitFn~tplv-tiktokx-dmt-logom:tos-alisg-i-0068/oUCNABw27FGArEAAImEDwyfIQAdfgOKDBcwTNR.image?dr=9634&x-expires=1764522000&x-signature=vIWgaWOZmYGdldRQeM2xvdbiJNI%3D&t=4d5b0474&ps=13740610&shp=81f88b70&shcp=0d52deaf&idc=useast8) **59**](https://www.tiktok.com/@rangemate/video/7408983019538615560)\n\n쿠팡 곰곰 냉동 고등어! 렌지메이트로 구워봤는데 신세계네요🤩 [요리 방법] 1.냉동 고등어(해동 필요X)준비 2.렌지메이트에 넣고 전자렌지로 4분 +뒤집어 2분 (1,000w 1쪽 기준) *껍질 말고 살부분을 먼저 굽는게 훨씬 맛있어요. *기름도 필요없답니다. 😁이거 알고나면 이제 집에 생선 먹는 날 늘어납니다. #렌지메이트 #생선구이 #생선맛있게굽는법 #집밥메뉴 #아이밥상 #유아식 쿠팡 곰곰 냉동 고등어 요리 방법. 간편하게 냉동 고등어를 전자렌지로 맛있게 구워보세요! #렌지메이트 #생선구이 #유아식. 냉동 고등어 요리 방법, 전자렌지 생선 구이, 렌지메이트 쉬운 요리법, 건강한 집밥 아이 메뉴, 냉동 고등어 레시피, 아이들 영양 간식, 간편한 생선 요리, 해동 없이 생선 굽기, 생선 맛있게 조리하기, 집에서 손쉽게 생선 먹기\n\n[![Image 2](https://p16-common-sign.tiktokcdn-us.com/tos-alisg-avt-0068/32f8e41607fd1f504eb8690fa1cbdcd4~tplv-tiktokx-cropcenter:100:100.jpeg?dr=9640&refresh_token=4bd36af6&x-expires=1764522000&x-signature=CvxxhrjPNrqsGuHA3OQlMDuMwWo%3D&t=4d5b0474&ps=13740610&shp=a5d48078&shcp=81f88b70&idc=useast8) rangemate](https://www.tiktok.com/@rangemate)12.5K\n\n[![Image 3: 432 Likes, 45 Comments. TikTok video from #Laguajira (@yuliannygarcia25): “Respuesta a @masha”.](https://p16-common-sign.tiktokcdn-us.com/tos-useast8-p-0068-tx2/owUC6cijNIBc05EAiruAfGi00cI9IHSiqqdkkA~tplv-tiktokx-origin.image?dr=9636&x-expires=1764522000&x-signature=6gSessOjTryImYWvxcSAoAGCl8Q%3D&t=4d5b0474&ps=13740610&shp=81f88b70&shcp=0d52deaf&idc=useast8) **432**](https://www.tiktok.com/@yuliannygarcia25/video/7574088907952819486)\n\nRespuesta a @masha \n\n[![Image 4](https://p16-common-sign.tiktokcdn-us.com/tos-useast5-avt-0068-tx/7318174659889856555~tplv-tiktokx-cropcenter:100:100.jpeg?dr=9640&refresh_token=3cc0eb22&x-expires=1764522000&x-signature=31ILoSRQ2Im%2Bz6cLp337lnCoKjA%3D&t=4d5b0474&ps=13740610&shp=a5d48078&shcp=81f88b70&idc=useast8) yuliannygarcia25](https://www.tiktok.com/@yuliannygarcia25)34.5K\n\n[![Image 5: 22.4K Likes, 64 Comments. TikTok video from Koozahh (@koozah.fan.698): “단돈 '7,220원...-' 큰맘 먹고 #FLEX 합니다💰😂 영화 #기생충 🏆 으로 유명한 ”부채살짜파구리”🥩🍜#쿠자 #kooza #cooking #우쥬록스 #가성비요리 #야쿠자요리 #틱톡교실 #parasite”.](https://p16-common-sign.tiktokcdn-us.com/tos-useast5-p-0068-tx/o0FIBiw9EoyBXECSIAZk8piZBrzZpBfN1hAEIy~tplv-tiktokx-origin.image?dr=9636&x-expires=1764522000&x-signature=O3VUX9ypfc2e7r2LKxPcHHgvrU8%3D&t=4d5b0474&ps=13740610&shp=81f88b70&shcp=0d52deaf&idc=useast8) **22.4K**](https://www.tiktok.com/@koozah.fan.698/video/7303049738964700458)\n\n단돈 '7,220원...-' 큰맘 먹고 #FLEX 합니다💰😂 영화 #기생충 🏆 으로 유명한 ”부채살짜파구리”🥩🍜#쿠자 #kooza #cooking #우쥬록스 #가성비요리 #야쿠자요리 #틱톡교실 #parasite \n\n[![Image 6](https://p16-common-sign.tiktokcdn-us.com/tos-useast5-avt-0068-tx/eab0e9369b008560ac93a0cc10911ff9~tplv-tiktokx-cropcenter:100:100.jpeg?dr=9640&refresh_token=23e05c3e&x-expires=1764522000&x-signature=zkAC8iivuYH7GI2MOELOAeKHXuI%3D&t=4d5b0474&ps=13740610&shp=a5d48078&shcp=81f88b70&idc=useast8) koozah.fan.698](https://www.tiktok.com/@koozah.fan.698)680.8K\n\n[![Image 7: 1743 Likes, 61 Comments. TikTok video from Thu Hà đêyyy 🇰🇷 (@thuhahanquoc): “#foodreview #korea #tiktok #dhs #koreanfood @SEOUL SKIN LAB”.](https://p16-common-sign.tiktokcdn-us.com/tos-alisg-p-0037/ogCiTCAEI6IqMmwxDf6kRIPl0GV9TBohiEiwAA~tplv-tiktokx-dmt-logom:tos-alisg-i-0068/o8ejlIEAJA70QRoGIzRk9LAEDfA3FDA4hEASfI.image?dr=9634&x-expires=1764522000&x-signature=hYeTDhehv%2BySL%2FJCISZpCD4k3zQ%3D&t=4d5b0474&ps=13740610&shp=81f88b70&shcp=0d52deaf&idc=useast8) **1743**](https://www.tiktok.com/@thuhahanquoc/video/7571101152721390855)\n\n#foodreview #korea #tiktok #dhs #koreanfood @SEOUL SKIN LAB Khám Phá Lòng Bò Hấp Dẫn Tại Seoul Skin Lab. Giới thiệu về món lòng bò đặc sắc, cùng thưởng thức những hương vị độc đáo tại Seoul Skin Lab. Hãy theo dõi ngay! #foodreview #korea #tiktok #dhs #koreanfood. lòng bò tại Seoul Skin Lab, món ăn Hàn Quốc độc đáo, trải nghiệm ẩm thực Hàn Quốc, đánh giá món lòng bò, ẩm thực tại Seoul, địa điểm ẩm thực Hàn Quốc, ăn uống ở Hàn Quốc, khám phá ẩm thực Seoul, review đồ ăn Hàn, Seoul Skin Lab review\n\n[![Image 8](https://p16-common-sign.tiktokcdn-us.com/tos-alisg-avt-0068/91dd6a8e8b8b762966272980fe9a0458~tplv-tiktokx-cropcenter:100:100.jpeg?dr=9640&refresh_token=2e82233d&x-expires=1764522000&x-signature=3rRRuBaOYK8Y06%2BHcBuz%2F1Kw3Rg%3D&t=4d5b0474&ps=13740610&shp=a5d48078&shcp=81f88b70&idc=useast8) thuhahanquoc](https://www.tiktok.com/@thuhahanquoc)99.1K\n\n[![Image 9: 48.9K Likes, 128 Comments. TikTok video from Koozahh (@koozah.fan.698): “단돈 '7,220원..._' 큰맘 먹고 #FLEX 합니다💰😂 영화 #기생충 🏆 으로”.](https://p16-common-sign.tiktokcdn-us.com/tos-useast5-p-0068-tx/o0EEQk7fDHnIXbIjcQ3OxDFfc8eDBrAHANrgcC~tplv-tiktokx-origin.image?dr=9636&x-expires=1764522000&x-signature=o01XZwuw1nVbJZ3HNb0NlnOGznA%3D&t=4d5b0474&ps=13740610&shp=81f88b70&shcp=0d52deaf&idc=useast8) **48.9K**](https://www.tiktok.com/@koozah.fan.698/video/7452929873758244138)\n\n단돈 '7,220원..._' 큰맘 먹고 #FLEX 합니다💰😂 영화 #기생충 🏆 으로\n\n[![Image 10](https://p16-common-sign.tiktokcdn-us.com/tos-useast5-avt-0068-tx/eab0e9369b008560ac93a0cc10911ff9~tplv-tiktokx-cropcenter:100:100.jpeg?dr=9640&refresh_token=23e05c3e&x-expires=1764522000&x-signature=zkAC8iivuYH7GI2MOELOAeKHXuI%3D&t=4d5b0474&ps=13740610&shp=a5d48078&shcp=81f88b70&idc=useast8) koozah.fan.698](https://www.tiktok.com/@koozah.fan.698)790.3K\n\n[![Image 11: 167 Likes, 4 Comments. TikTok video from 요오리🐣 1분 초간단 레시피 (@__cookduck): “#어복쟁반 물가 미쳤죠ㅠㅠ 이제 어복쟁반 하나가 10만원이 넘더라구요 저는 동네 정육점에서 호주산 소고기 덩어리(양지, 사태, 차돌양지) 총 1kg를 3만원대에 구매했어요 평양냉면집 가면 꼭 어복쟁반 팔잖아요! 그 평냉같은 맑은 육수가 포인트인데 육수 많이 만들어 두었더니 2만원씩 하는 평냉도 해먹을수 있겠더라구요💛 다음에 기회되면 평냉도 올려볼게욥😊 ─────────────────── 🧑🏻‍🍳총재료(4인분기준) 양지 덩어리 400g, 차돌양지 덩어리 200g, 사태 덩어리 400g 육수용 물 2.5L, 쑥갓 80g, 배추 3-4장(알배추1/4) 버섯(팽이, 느타리, 표고, 목이 등등) 취향껏, 삶은계란 1-2개 대파 흰부분 1대, 마늘 8개, 통후추 10알 🧑🏻‍🍳양념재료(4인분기준) 육수 양념: 참치액 1T, 국간장 1T, 소금 적당량 찍먹 소스: 간장3, 맛술1, 식초1, 설탕1, 물1, 다진마늘1/2, 다진청양고추1개 🧑🏻‍🍳만드는 법 1️⃣ 덩어리 고기는 찬물에 담가 냉장고에서 2시간이상 핏물 빼기 2️⃣ 핏물은 따라 버리고, 큰 냄비에 물, 대파, 마늘, 통후추와 고기 넣은 뒤 강불에 끓이기 3️⃣ 물이 끓어 오르면 올라온 불순물과 거품은 뜰채로 건저내기 4️⃣ 뚜껑닫아 1시간~ 1시간 30분 중약불에 끓이기 *저는 압력냄비 사용해 40~50분 정도 삶았어요! 5️⃣ 대파, 마늘, 후추는 건져서 버리고, 고기와 육수는 따로 담아 냉장고에서 4시간 이상 식히기 6️⃣ 고기는 얇게 썰고, 육수는 면보에 맑게 걸러주기 7️⃣ 큰 전골팬에 배추썰어서 깔고, 쑥갓 쌓아올린뒤, 주변으로 고기를 둘러주기 *버섯, 삶은 계란등 곁들여도 좋아요 8️⃣ 찍먹 소스 섞어서 스텐소스볼에 담아 가운데 올려주고 9️⃣ 육수 자작하게 부어 참치액과 국간장으로 간 한뒤 끓여서 먹기 *육수 간은 어복쟁반의 성격에 맞게 슴슴하게 했습니다! 저는 이대로도 맛있었지만, 싱거우시면 맛소금으로 간 맞춰주세요 ◡̈ ─────────────────── 💜자주 묻는 영상 속 제품 ▫️알텐바흐 저압냄비 7L ▫️쉐프윈 드림핸즈 28 후라이팬 ️️▫️알텐바흐 스텐밧드 ▫️에버스텐 스텐 볼”.](https://p16-common-sign.tiktokcdn-us.com/tos-alisg-p-0037/ogDfa6fOAFStpFAEJ1vCAlUbEGIB0E7gRPAAUP~tplv-tiktokx-origin.image?dr=9636&x-expires=1764522000&x-signature=n2gz8o%2F%2BZtJPD9HCFrVcgC8idWo%3D&t=4d5b0474&ps=13740610&shp=81f88b70&shcp=0d52deaf&idc=useast8) **167**](https://www.tiktok.com/@__cookduck/video/7573598452743933191)\n\n#어복쟁반 물가 미쳤죠ㅠㅠ 이제 어복쟁반 하나가 10만원이 넘더라구요 저는 동네 정육점에서 호주산 소고기 덩어리(양지, 사태, 차돌양지) 총 1kg를 3만원대에 구매했어요 평양냉면집 가면 꼭 어복쟁반 팔잖아요! 그 평냉같은 맑은 육수가 포인트인데 육수 많이 만들어 두었더니 2만원씩 하는 평냉도 해먹을수 있겠더라구요💛 다음에 기회되면 평냉도 올려볼게욥😊 ─────────────────── 🧑🏻‍🍳총재료(4인분기준) 양지 덩어리 400g, 차돌양지 덩어리 200g, 사태 덩어리 400g 육수용 물 2.5L, 쑥갓 80g, 배추 3-4장(알배추1/4) 버섯(팽이, 느타리, 표고, 목이 등등) 취향껏, 삶은계란 1-2개 대파 흰부분 1대, 마늘 8개, 통후추 10알 🧑🏻‍🍳양념재료(4인분기준) 육수 양념: 참치액 1T, 국간장 1T, 소금 적당량 찍먹 소스: 간장3, 맛술1, 식초1, 설탕1, 물1, 다진마늘1/2, 다진청양고추1개 🧑🏻‍🍳만드는 법 1️⃣ 덩어리 고기는 찬물에 담가 냉장고에서 2시간이상 핏물 빼기 2️⃣ 핏물은 따라 버리고, 큰 냄비에 물, 대파, 마늘, 통후추와 고기 넣은 뒤 강불에 끓이기 3️⃣ 물이 끓어 오르면 올라온 불순물과 거품은 뜰채로 건저내기 4️⃣ 뚜껑닫아 1시간~ 1시간 30분 중약불에 끓이기 *저는 압력냄비 사용해 40~50분 정도 삶았어요! 5️⃣ 대파, 마늘, 후추는 건져서 버리고, 고기와 육수는 따로 담아 냉장고에서 4시간 이상 식히기 6️⃣ 고기는 얇게 썰고, 육수는 면보에 맑게 걸러주기 7️⃣ 큰 전골팬에 배추썰어서 깔고, 쑥갓 쌓아올린뒤, 주변으로 고기를 둘러주기 *버섯, 삶은 계란등 곁들여도 좋아요 8️⃣ 찍먹 소스 섞어서 스텐소스볼에 담아 가운데 올려주고 9️⃣ 육수 자작하게 부어 참치액과 국간장으로 간 한뒤 끓여서 먹기 *육수 간은 어복쟁반의 성격에 맞게 슴슴하게 했습니다! 저는 이대로도 맛있었지만, 싱거우시면 맛소금으로 간 맞춰주세요 ◡̈ ─────────────────── 💜자주 묻는 영상 속 제품 ▫️알텐바흐 저압냄비 7L ▫️쉐프윈 드림핸즈 28 후라이팬 ️️▫️알텐바흐 스텐밧드 ▫️에버스텐 스텐 볼 어복쟁반 육수 만드는 법과 재료. 어복쟁반 육수 레시피를 공유합니다. 간단한 재료와 만들기 과정을 통해 집에서도 맛있는 어복쟁반을 즐겨보세요! #어복쟁반 #육수 #레시피. 어복쟁반 만드는 법, 평양냉면 육수 레시피, 소고기 육수 만들기, 가정용 어복쟁반 요리, 전골팬 어복쟁반 요리법, 집에서 만드는 평양냉면, 소고기 요리 레시피, 쑥갓 어복쟁반, 한국 전통 음식 레시피, 간단한 어복쟁반 재료\n\n[![Image 12](https://p16-common-sign.tiktokcdn-us.com/tos-alisg-avt-0068/d9c16a91cdf40cf7689670b87eddd104~tplv-tiktokx-cropcenter:100:100.jpeg?dr=9640&refresh_token=322e25ba&x-expires=1764522000&x-signature=xxwTLFot4qVpambEti7rB%2By2U%2BA%3D&t=4d5b0474&ps=13740610&shp=a5d48078&shcp=81f88b70&idc=useast8) __cookduck](https://www.tiktok.com/@__cookduck)7247\n\n[![Image 13: 1431 Likes, 33 Comments. TikTok video from 쭈먹밥 (@zzu_meokbap): “요즘 MZ들이 뷔페 먹는 법 #샤브올데이 ▫️요즘 MZ들은 뷔페도 평범하게 안 먹습니다. 아이스크림을 라이스페이퍼에 올려 시원하면서 쫀득한 아이스모찌도 만들어 먹고, 아이스크림 위에 망고와 요거트소스를 올려 내맘대로 요아정DIY까지 특별한 조합으로 뽕 제대로 뽑는다구요! 😜 ▫️샤브올데이는 평일 점심 23,900원에 소고기3종부터 월남쌈, 소스, 떡볶이, 치킨, 파스타, 디저트 등등 60여가지나 되는 음식이 무제한이라 가성비 좋게 뽕 뽑을 수 있는데 육수도 2가지 맛으로 골라 먹을 수 있어 다양하게 먹기 딱 좋아요🥰 ▫️뷔페라고해서 퀄리티 떨어지는 거 없이 야채도 신선하고, 샤브샤브 다 먹고나면 빠질 수 없는 칼국수와 죽까지 마음껏 즐길 수 있으니 저장하고 오픈런 하러 가세요! 🏃🏻🏃🏻‍♀️ * 참고) 지점별 메뉴 구성 및 맥주 제공방식에 차이가 있을 수 있습니다! @@아이스모찌 만들어먹자ㅠ _______________________________________ 🏠샤브올데이 광주역동점 📍경기 광주시 포은대로 718-50 1층 🧾평일런치 ₩23,900원 ________________________________________ #샤브샤브 #샤브샤브뷔페 #뷔페맛집 #가성비뷔페 #무제한소고기 #모임장소 #호텔식샤브뷔페 #아이스모찌 #광주맛집 #무한리필맛집 #요아정”.](https://p16-common-sign.tiktokcdn-us.com/tos-alisg-p-0037/oUzvT9EAiYh4BomAPJCMiASylIFjAIUEAZBA6~tplv-tiktokx-origin.image?dr=9636&x-expires=1764522000&x-signature=7qrygLK07HObNS4BMsAA6Aleg14%3D&t=4d5b0474&ps=13740610&shp=81f88b70&shcp=0d52deaf&idc=useast8) **1431**](https://www.tiktok.com/@zzu_meokbap/video/7460437416185482503)\n\n요즘 MZ들이 뷔페 먹는 법 #샤브올데이 ▫️요즘 MZ들은 뷔페도 평범하게 안 먹습니다. 아이스크림을 라이스페이퍼에 올려 시원하면서 쫀득한 아이스모찌도 만들어 먹고, 아이스크림 위에 망고와 요거트소스를 올려 내맘대로 요아정DIY까지 특별한 조합으로 뽕 제대로 뽑는다구요! 😜 ▫️샤브올데이는 평일 점심 23,900원에 소고기3종부터 월남쌈, 소스, 떡볶이, 치킨, 파스타, 디저트 등등 60여가지나 되는 음식이 무제한이라 가성비 좋게 뽕 뽑을 수 있는데 육수도 2가지 맛으로 골라 먹을 수 있어 다양하게 먹기 딱 좋아요🥰 ▫️뷔페라고해서 퀄리티 떨어지는 거 없이 야채도 신선하고, 샤브샤브 다 먹고나면 빠질 수 없는 칼국수와 죽까지 마음껏 즐길 수 있으니 저장하고 오픈런 하러 가세요! 🏃🏻🏃🏻‍♀️ * 참고) 지점별 메뉴 구성 및 맥주 제공방식에 차이가 있을 수 있습니다! @@아이스모찌 만들어먹자ㅠ _______________________________________ 🏠샤브올데이 광주역동점 📍경기 광주시 포은대로 718-50 1층 🧾평일런치 ₩23,900원 ________________________________________ #샤브샤브 #샤브샤브뷔페 #뷔페맛집 #가성비뷔페 #무제한소고기 #모임장소 #호텔식샤브뷔페 #아이스모찌 #광주맛집 #무한리필맛집 #요아정 MZ들이 즐기는 특별한 뷔페 먹는 법. 뛰어난 가성비와 독특한 아이스크림 조합 방법을 소개합니다! 샤브올데이에서 특별한 점심을 즐겨보세요! #샤브샤브 #뷔페맛집 #무한리필맛집. MZ 세대 뷔페 먹는 법, 아이스크림 라이스페이퍼 조합, 샤브올데이 평일 점심, 광주 뷔페 추천, 고기 무제한 뷔페, 아이스모찌 만들기, 다양한 샤브샤브 메뉴, 가성비 좋은 뷔페, 특별한 뷔페 경험, 뷔페 영업시간\n\n[![Image 14](https://p16-common-sign.tiktokcdn-us.com/tos-alisg-avt-0068/15117410e4f350097a96133f117a86ec~tplv-tiktokx-cropcenter:100:100.jpeg?dr=9640&refresh_token=e6dcdca7&x-expires=1764522000&x-signature=S8wYYcOouIAFAdFnjm7Jpo6OmWc%3D&t=4d5b0474&ps=13740610&shp=a5d48078&shcp=81f88b70&idc=useast8) zzu_meokbap](https://www.tiktok.com/@zzu_meokbap)120.6K\n\n[![Image 15: 229 Likes, 9 Comments. TikTok video from La Frey (@freydel_22): “”.](https://p16-common-sign.tiktokcdn-us.com/tos-useast8-p-0068-tx2/owvIYfL8HgGehkQAbU7AeZI0RygZjdAIq1HlWC~tplv-tiktokx-origin.image?dr=9636&x-expires=1764522000&x-signature=bEQWK878p04SMsQqO7nq3NDLb0Y%3D&t=4d5b0474&ps=13740610&shp=81f88b70&shcp=0d52deaf&idc=useast8) **19.2K**](https://www.tiktok.com/@freydel_22/video/7564125629650619679)\n\n[![Image 16](https://p16-common-sign.tiktokcdn-us.com/tos-useast5-avt-0068-tx/232b22dc0f05dbeeb329c13956cf9275~tplv-tiktokx-cropcenter:100:100.jpeg?dr=9640&refresh_token=9195a321&x-expires=1764522000&x-signature=xANxSBpFUJdkCGYVfDNv6joYlPM%3D&t=4d5b0474&ps=13740610&shp=a5d48078&shcp=81f88b70&idc=useast8) freydel_22](https://www.tiktok.com/@freydel_22)\n\n[![Image 17: 386 Likes, 5 Comments. TikTok video from 이데생 (@22daesang): “매주 1kg빠지는 마녀스프 레시피!! 진짜 맛있으니 꼭 따라해보세요🥰 내맘대로 마녀스프 레시피🥫(2인분) 🥩소고기 300g *저는 호주산 척아이롤 사용했어요! 🍠중간 사이즈 고구마 2-3개 🧅양파 1/2개 🥬양배추 1/4통 🥫홀토마토 캔 1개(400g) 🍅토마토 퓨레 약 200g 🧂허브솔트 🍲치킨스톡 1T 🔥불닭소스 1T 1. 먼저 고구마는 껍질을 깎아 깍둑썰기하고 용기에 고구마가 잠길 정도로 물을 넣은 후 전자레인지에 6-7분 완전히 익을 때까지 돌려주세요! 2. 냄비에 기름을 살짝 두르고 소고기를 구워주세요 3. 양면이 갈색 빛이 되면 불을 줄이고 고기를 먹기 좋게 자른 뒤 손톱크기로 자른 양파를 넣고 가볍게 볶아주세요 *타지 않게 조심! 탈 것 같으면 바로 홀토마토 넣어주세요! 4. 홀토마토(400g) 한 캔을 전부 넣고 토마토를 잘라주세요 5. 홀토마토 캔에 물을 2/3정도 담아 냄비에 붓고, 토마토 퓨레 약 200g 을 넣어주세요 6. 고구마, 양배추(2*2크기)를 넣고 뚜껑을 덮어 10분 간 중약불에서 푹 끓여주세요 *이 때 넘치지 않게 잘 봐주세요 ㅎㅎ 7. 그대로 먹어도 맛있고 모짜렐라 치즈를 얹어서 먹으면 더더 맛있는 마녀스프 완성!😋 #이대생 #마녀스프 #다이어트#다이어ᄐipe #cooking”.](https://p16-common-sign.tiktokcdn-us.com/tos-alisg-p-0037/oMChjPMXPxl8tBeHefbXoClQNgPWgIS3DgAAFP~tplv-tiktokx-origin.image?dr=9636&x-expires=1764522000&x-signature=YeQavrl7xpJcEaTnJYO3TUPUBd0%3D&t=4d5b0474&ps=13740610&shp=81f88b70&shcp=0d52deaf&idc=useast8) **386**](https://www.tiktok.com/@22daesang/video/7574823830083128584)\n\n매주 1kg빠지는 마녀스프 레시피!! 진짜 맛있으니 꼭 따라해보세요🥰 내맘대로 마녀스프 레시피🥫(2인분) 🥩소고기 300g *저는 호주산 척아이롤 사용했어요! 🍠중간 사이즈 고구마 2-3개 🧅양파 1/2개 🥬양배추 1/4통 🥫홀토마토 캔 1개(400g) 🍅토마토 퓨레 약 200g 🧂허브솔트 🍲치킨스톡 1T 🔥불닭소스 1T 1. 먼저 고구마는 껍질을 깎아 깍둑썰기하고 용기에 고구마가 잠길 정도로 물을 넣은 후 전자레인지에 6-7분 완전히 익을 때까지 돌려주세요! 2. 냄비에 기름을 살짝 두르고 소고기를 구워주세요 3. 양면이 갈색 빛이 되면 불을 줄이고 고기를 먹기 좋게 자른 뒤 손톱크기로 자른 양파를 넣고 가볍게 볶아주세요 *타지 않게 조심! 탈 것 같으면 바로 홀토마토 넣어주세요! 4. 홀토마토(400g) 한 캔을 전부 넣고 토마토를 잘라주세요 5. 홀토마토 캔에 물을 2/3정도 담아 냄비에 붓고, 토마토 퓨레 약 200g 을 넣어주세요 6. 고구마, 양배추(2*2크기)를 넣고 뚜껑을 덮어 10분 간 중약불에서 푹 끓여주세요 *이 때 넘치지 않게 잘 봐주세요 ㅎㅎ 7. 그대로 먹어도 맛있고 모짜렐라 치즈를 얹어서 먹으면 더더 맛있는 마녀스프 완성!😋 #이대생 #마녀스프 #다이어트#다이어ᄐipe #cooking 1kg 빠지는 마녀스프 레시피 주간 업데이트. 맛있고 간단한 마녀스프 레시피로 일주일에 1kg 감량하세요! 꼭 따라해보세요🥰 #이대생 #마녀스프 #다이어트 #요리. 마녀스프 다이어트 레시피, 소고기 고구마 요리, 저칼로리 수프 만들기, 건강한 다이어트 수프, 간단한 스프 요리법, 채소 스프 레시피, 주간 다이어트 식단, 호주산 척아이롤 활용법, 모짜렐라 치즈 스프, 간단한 요리 팁\n\n[![Image 18](https://p16-common-sign.tiktokcdn-us.com/tos-alisg-avt-0068/539100211119bd7cfebb9fca8c661301~tplv-tiktokx-cropcenter:100:100.jpeg?dr=9640&refresh_token=fb2f9228&x-expires=1764522000&x-signature=rIL%2FxopHKjVUfw9ZuCqr9MMt3Xw%3D&t=4d5b0474&ps=13740610&shp=a5d48078&shcp=81f88b70&idc=useast8) 22daesang](https://www.tiktok.com/@22daesang)11.4K\n\n[![Image 19: 37 Likes, 0 Comments. TikTok video from KOREAN BUTCHERY (@koreanbutchery): “일반 부채살은 잊어줘…와규 부채살! 저희 와규 부채살 감상 좀 하고 가세요❤️ 부채살은 원래 중간에 힘줄 있는게 특징이죠? 저희 와규 부채살은 힘줄 중심으로 마블링 촘촘히 있는게 특징! 퀄리티 엄청나니 꼭 한번 드셔보세요! 📍대한정육 Daehan Meats Flushing: 14916 41st Ave, Flushing, NY 11355 Hours: (M-Sun) 8am-8pm Ridgefield: 545 Shaler Blvd, Ridgefield, NJ 07657 Hours: (M-F) 12pm-8pm (Sat) 8am-8pm (Sun) 1pm-8pm #N#NYCeats뉴#뉴욕맘F#Flushing뉴#뉴욕뉴저지K#KoreanmomA#APAHMK#Kbbq뉴#뉴욕정육점미#미국일상A#Asiangrocery뉴#뉴저지일상뉴#뉴저지맘N#NYCfoodie뉴#뉴욕일상뉴#뉴욕맛집뉴저지맛집”.](https://p16-common-sign.tiktokcdn-us.com/tos-useast5-p-0068-tx/ow3QAmfQ5PiQcieo1LI7iYI0eG9WewAeMEKHdQ~tplv-tiktokx-origin.image?dr=9636&x-expires=1764522000&x-signature=Tv%2FN5g5Y%2Fuou6Zw3UF1uUmqTph0%3D&t=4d5b0474&ps=13740610&shp=81f88b70&shcp=0d52deaf&idc=useast8) **37**](https://www.tiktok.com/@koreanbutchery/video/7475484219972816174)\n\n일반 부채살은 잊어줘…와규 부채살! 저희 와규 부채살 감상 좀 하고 가세요❤️ 부채살은 원래 중간에 힘줄 있는게 특징이죠? 저희 와규 부채살은 힘줄 중심으로 마블링 촘촘히 있는게 특징! 퀄리티 엄청나니 꼭 한번 드셔보세요! 📍대한정육 Daehan Meats Flushing: 14916 41st Ave, Flushing, NY 11355 Hours: (M-Sun) 8am-8pm Ridgefield: 545 Shaler Blvd, Ridgefield, NJ 07657 Hours: (M-F) 12pm-8pm (Sat) 8am-8pm (Sun) 1pm-8pm #N#NYCeats뉴#뉴욕맘F#Flushing뉴#뉴욕뉴저지K#KoreanmomA#APAHMK#Kbbq뉴#뉴욕정육점미#미국일상A#Asiangrocery뉴#뉴저지일상뉴#뉴저지맘N#NYCfoodie뉴#뉴욕일상뉴#뉴욕맛집뉴저지맛집 와규 부채살, 마블링으로 차별화된 맛!. 최고의 와규 부채살을 경험해보세요! 마블링이 가득한 이 고기의 품질은 정말 뛰어납니다. #NYCeats #뉴욕맛집 #Kbbq뉴. 와규 부채살 맛집, 뉴욕 와규 부채살, Flushing 고기 판매, 미국 고기 전문점, 마블링 좋은 고기, 고기 질 좋은 곳, NJ 고기 맛집, 고기 추천, 부채살 요리법, 와규 요리\n\n[![Image 20](https://p16-common-sign.tiktokcdn-us.com/tos-useast5-avt-0068-tx/679967d78fecb13f56673659e00eec97~tplv-tiktokx-cropcenter:100:100.jpeg?dr=9640&refresh_token=9d72e055&x-expires=1764522000&x-signature=o7oPyk9Z2EDO126HPFf%2FpjGUxEM%3D&t=4d5b0474&ps=13740610&shp=a5d48078&shcp=81f88b70&idc=useast8) koreanbutchery](https://www.tiktok.com/@koreanbutchery)1007\n\n[![Image 21: 40 Likes, 0 Comments. TikTok video from 따뜻한 식탁 (@wh1te_table): “고기 없이 만드는 스테이크 어때요? 겉바속촉 두부에 새콤달콤 소스까지 올리면 정말 고기 생각 안 날 만큼 맛있어요. 🔆 재료 두부 1모 (300g) 다진 양파 2스푼 다진 당근 2스푼 다진 대파 2스푼 부침가루 3스푼 계란 1개 소금 후추 식용유 스테이크 소스 버터 15g 양파 1/2개 진간장 2스푼 소금 1꼬집 케첩 4스푼 설탕 0.3스푼 맛술 2스푼 올리고당 2스푼 🔆 레시피 1️⃣ 물기 꽉 짠 두부에 다진 양파·당근·대파, 부침가루, 계란을 넣고 소금, 후추로 간을 맞춘 뒤 부드럽게 치대어 동글 납작하게 모양 잡기 2️⃣ 버터 녹인 팬에 채 썬 양파를 볶다가 진간장, 소금, 케첩, 설탕, 맛술, 올리고당을 넣고 은근하게 졸여 스테이크 소스 만들기 3️⃣ 이제 두부 반죽을 앞뒤 노릇하게 익혀주면 #두부스테이크 #두부함박스테이크 #두부요리 #저탄수레시피 #다이어트요리”.](https://p16-common-sign.tiktokcdn-us.com/tos-alisg-p-0037/oA3pKCDFIBBEpxicfEAgQgjFpNRAesRZWGURcr~tplv-tiktokx-origin.image?dr=9636&x-expires=1764522000&x-signature=ih5eNOcJXzWwQFVLdFEaaIPIMh0%3D&t=4d5b0474&ps=13740610&shp=81f88b70&shcp=0d52deaf&idc=useast8) **40**](https://www.tiktok.com/@wh1te_table/video/7577542384465038612)\n\n고기 없이 만드는 스테이크 어때요? 겉바속촉 두부에 새콤달콤 소스까지 올리면 정말 고기 생각 안 날 만큼 맛있어요. 🔆 재료 두부 1모 (300g) 다진 양파 2스푼 다진 당근 2스푼 다진 대파 2스푼 부침가루 3스푼 계란 1개 소금 후추 식용유 스테이크 소스 버터 15g 양파 1/2개 진간장 2스푼 소금 1꼬집 케첩 4스푼 설탕 0.3스푼 맛술 2스푼 올리고당 2스푼 🔆 레시피 1️⃣ 물기 꽉 짠 두부에 다진 양파·당근·대파, 부침가루, 계란을 넣고 소금, 후추로 간을 맞춘 뒤 부드럽게 치대어 동글 납작하게 모양 잡기 2️⃣ 버터 녹인 팬에 채 썬 양파를 볶다가 진간장, 소금, 케첩, 설탕, 맛술, 올리고당을 넣고 은근하게 졸여 스테이크 소스 만들기 3️⃣ 이제 두부 반죽을 앞뒤 노릇하게 익혀주면 #두부스테이크 #두부함박스테이크 #두부요리 #저탄수레시피 #다이어트요리\n\n[![Image 22](https://p16-common-sign.tiktokcdn-us.com/tos-alisg-avt-0068/ca458ecf2820de155fb2218147ab7e9e~tplv-tiktokx-cropcenter:100:100.jpeg?dr=9640&refresh_token=5e6d225c&x-expires=1764522000&x-signature=pZMwMc1k1SX14dzRZvN6%2B%2BW9nOI%3D&t=4d5b0474&ps=13740610&shp=a5d48078&shcp=81f88b70&idc=useast8) wh1te_table](https://www.tiktok.com/@wh1te_table)906\n\n[![Image 23: 87 Likes, 6 Comments. TikTok video from 갱스홈쿡 (@kyoungmik): “퀸연아 픽❗️초딩입맛 사로잡은❗️ 고우림 원팬 함박스테이크 만들기 저 요즘 함박스테이크 자주 만드는 거 같아요 ㅎㅎ🤣 이번엔 고우림 레시피로 만들어 봤는데요 재료가 진짜 초간단해요 야채가 안 들어가서 아이들이 진짜 잘 먹더라고요 ㅋㅋㅋ 그리고 소스를 한 팬에 끓여주는데 소스 재료도 너무 간단한데 맛있더라고요! 주말 메뉴로 강추해봐요^^ 📌원팬 함박스테이크 만들기 (재료) 소고기 다짐육 150g, 돼지고기 다짐육 150g, 달걀 1개, 소금 2꼬집, 후추, 우유 4, 식빵 1/2개 식용유, 물 100ml, 설탕 2, 진간장 2, 케찹 6 체다치즈 2장, 반숙계란후라이 2개 ​1. 볼에 다짐육, 달걀, 소금, 후추, 우유, 식빵은 잘게 뜯어서 넣어서 반죽해주세요(영상은 2배분량으로 했어요) 2. 반죽을 나눠 함박스테이크 모양으로 치대서 만들어주시면 되고요 3. 팬에 패티 올리고 기름 두르고 중불로 불을 켜준 뒤 2분 30초 굽고 뒤집어서 2분 굽고 4. 물, 설탕, 진간장, 케찹 넣고 섞어준 뒤 패티에도 끼얹고 뚜껑 닫고 중약 불로 5분 속까지 익혀주세요 5. 5분 뒤 뚜껑열고 소스가 걸쭉해지도록 2-3분 더 끓여주시면 됩니다 6. 접시에 담고 치즈 올리고 토치로 불맛을 입혀주세요 7. 반숙 달걀후라이해준 뒤 위에 올려 드시면 됩니다 패티가 폭신폭신하고요 진짜 두껍고 육즙 팡팡! 아이들이 진짜 잘 먹어요! 👍 #함박스테이크 #편스토랑레시피 #주말메뉴 #함박스테이크만들기 #초간단레시피”.](https://p16-common-sign.tiktokcdn-us.com/tos-alisg-p-0037/ogrLDfiAIEFoIz6AfDSAFCrXILjeAmPygDG5xr~tplv-tiktokx-origin.image?dr=9636&x-expires=1764522000&x-signature=f4NQ2fjLR6SiHaEb2Oegs6QAp5w%3D&t=4d5b0474&ps=13740610&shp=81f88b70&shcp=0d52deaf&idc=useast8) **87**](https://www.tiktok.com/@kyoungmik/video/7572779861996064008)\n\n퀸연아 픽❗️초딩입맛 사로잡은❗️ 고우림 원팬 함박스테이크 만들기 저 요즘 함박스테이크 자주 만드는 거 같아요 ㅎㅎ🤣 이번엔 고우림 레시피로 만들어 봤는데요 재료가 진짜 초간단해요 야채가 안 들어가서 아이들이 진짜 잘 먹더라고요 ㅋㅋㅋ 그리고 소스를 한 팬에 끓여주는데 소스 재료도 너무 간단한데 맛있더라고요! 주말 메뉴로 강추해봐요^^ 📌원팬 함박스테이크 만들기 (재료) 소고기 다짐육 150g, 돼지고기 다짐육 150g, 달걀 1개, 소금 2꼬집, 후추, 우유 4, 식빵 1/2개 식용유, 물 100ml, 설탕 2, 진간장 2, 케찹 6 체다치즈 2장, 반숙계란후라이 2개 ​1. 볼에 다짐육, 달걀, 소금, 후추, 우유, 식빵은 잘게 뜯어서 넣어서 반죽해주세요(영상은 2배분량으로 했어요) 2. 반죽을 나눠 함박스테이크 모양으로 치대서 만들어주시면 되고요 3. 팬에 패티 올리고 기름 두르고 중불로 불을 켜준 뒤 2분 30초 굽고 뒤집어서 2분 굽고 4. 물, 설탕, 진간장, 케찹 넣고 섞어준 뒤 패티에도 끼얹고 뚜껑 닫고 중약 불로 5분 속까지 익혀주세요 5. 5분 뒤 뚜껑열고 소스가 걸쭉해지도록 2-3분 더 끓여주시면 됩니다 6. 접시에 담고 치즈 올리고 토치로 불맛을 입혀주세요 7. 반숙 달걀후라이해준 뒤 위에 올려 드시면 됩니다 패티가 폭신폭신하고요 진짜 두껍고 육즙 팡팡! 아이들이 진짜 잘 먹어요! 👍 #함박스테이크 #편스토랑레시피 #주말메뉴 #함박스테이크만들기 #초간단레시피 고우림 원팬 함박스테이크 초간단 레시피. 간단한 재료로 만드는 고우림 원팬 함박스테이크! 아이들이 좋아할 맛과 쉬운 조리법을 확인해보세요. 주말 메뉴로 강추! #함박스테이크 #편스토랑레시피. 고우림 원팬 함박스테이크 만들기, 초간단 함박스테이크 레시피, 아이들 음식 추천, 주말 요리 아이디어, 간단한 저녁 메뉴, 소고기 돼지고기 레시피, 한끼 식사 아이들 간편 요리, 힘들지 않은 요리법, 맛있는 함박스테이크 만드는 법, 간단한 소스 조리법\n\n[![Image 24](https://p16-common-sign.tiktokcdn-us.com/tos-alisg-avt-0068/2725855a84be1e76ac1db75d06e51d15~tplv-tiktokx-cropcenter:100:100.jpeg?dr=9640&refresh_token=aac2fcd4&x-expires=1764522000&x-signature=4C51wa0LQGE7jUaTgU9DPL%2FY2lY%3D&t=4d5b0474&ps=13740610&shp=a5d48078&shcp=81f88b70&idc=useast8) kyoungmik](https://www.tiktok.com/@kyoungmik)6274\n\n[![Image 25: 662 Likes, 32 Comments. TikTok video from 맛도리월드 (@matdori.world): “5성급 호텔을 4만원대에 먹을 수 있는 유일한 방법 (추가비용X 아무나O) 초밥, 사시미 등 신선한 해산물은 물론이고 소고기/양고기 스테이크, 민물장어, 치킨, 오리 각종 전골요리에 튀김, 치즈 가리비, 망고빙수를 포함한 디저트, 과일, 베이커리 등 진짜 알짜배기들만 모아 놓은 뷔페입니다. 심지어 오r인, 맥쮸, 탄산음료, 커피 등 마실거리까지 전부 추가 비용 ❌ 인터불고 호텔(5성급)에서 직접 운영하는 곳으로, 각 코너별 쉐프님들이 쉴 틈 없이 라이브로 요리를 내어주시는 덕분에 음식이 마르거나 식지 않아서 퀄리티가 더 좋게 느껴졌던 곳이에요. 이 가격에 이 구성,, 진짜 5성급이 맞나 싶을 정도로 가성비 너무 좋고 ㅎ 개별 룸도 있어 기념일이나 가족 모임 등 특별한 날 와도 부담 없을 것 같아요 ! ————————————— 📍바르미 심비디움2 • 서울 서초구 방배천로 11, 파스텔시티 5층 • 영업시간 11:30-21:30 (주말 브레이크X) ————————————— • 평일 점심 ₩44,800 • 평일 저녁 / 주말, 공휴일 ₩48,800 ————————————— #바르미 #심비디움2 #서울호텔뷔페 #서울해산물뷔페 #서울가성비뷔페 #사당맛집 #사당역맛집 #이수맛집 #이수역맛집 #서초구맛집 #서초맛집 #강남맛집 #사당데이트 #사당핫플 #강남데이트 #강남데이트코스 #강남핫플 #서울기념일맛집”.](blob:http://localhost/b9a31d3949b1882a09ed2f8508d538f3) **1355**](https://www.tiktok.com/@day_momtable/video/7545093327201307925)\n\n배달보다 빠른 홈메이드 족발!! 일반냄비라면 두시간이나 불 앞에 서 있어야 하니 생각조차 못했을 족발을 저압냄비가 있으니 용기가 생기네요 ㅎㅎ 처음엔 뼈 있는 족 샀다가 해동했는데 냄새가 나더라구요😭 결국 다시 뼈없는 미박사태로 재구매!! 돼지 다리에 뼈가 있으면 족발, 뼈가 없으면 미박사태!! 익는 시간도 줄고 손질할 것도 없으니 훨씬 편하더라구요 게다가 요리 시간까지 줄여주는 저압냄비로 끓이니 껍데기는 쫀뜩! 살코기는 부들부들!! 족발은 이제 그까이꺼 메뉴가 되네요😍 🐷족발레시피 돼지고기 미박사태1.6kg 양파,파 월계수잎,통후추,통마늘10개,홍고추2개, 생강(마늘1알크기) ✔️물200ml,미림200ml,간장200ml,흑설탕1컵 쌍화탕2병 노추30ml 1.냄비바닥에 양파를 깔고 고기를 얹어 주세요 2.위에 적인 소스&야채 모두 넣고 3.10끓인 후 뚜껑닫아 30분 끓인 후 5분 뜸 들이면 완성 (중간에 뚜껑 열어 한 번 뒤집어 주세요) 6.한 김 식힌 후 먹기 좋게 썰어 맛있게 드세요 @굿데이 님 레시피 참고 #족발레시피#족바ᄅ레시피발 #저압냄비 #미박사태 #족발 홈메이드 족발을 저압냄비로 빠르게 만들기. 저압냄비를 이용해 쉽게 만드는 홈메이드 족발 레시피! 간편하게 조리해보세요. #족발레시피 #저압냄비 #미박사태 #족발. 홈메이드 족발 레시피, 저압냄비 족발 요리, 빠른 족발 만들기, 뼈없는 미박사태 요리, 간편한 족발 조리방법, 족발 요리 팁, 미박사태 만드는 법, 간편한 한끼 요리, 돼지고기 족발 만들기, 저압냄비 요리법\n\n[![Image 26](https://p16-common-sign.tiktokcdn-us.com/tos-alisg-avt-0068/8aac15af6304f2cf2d7401a756a6ba56~tplv-tiktokx-cropcenter:100:100.jpeg?dr=9640&refresh_token=1540252f&x-expires=1764522000&x-signature=1X%2FmNhVebJJv5eHFkRcNhaxgLoI%3D&t=4d5b0474&ps=13740610&shp=a5d48078&shcp=81f88b70&idc=useast8) day_momtable](https://www.tiktok.com/@day_momtable)99.6K\n\n[![Image 27: 662 Likes, 32 Comments. TikTok video from 맛도리월드 (@matdori.world): “5성급 호텔을 4만원대에 먹을 수 있는 유일한 방법 (추가비용X 아무나O) 초밥, 사시미 등 신선한 해산물은 물론이고 소고기/양고기 스테이크, 민물장어, 치킨, 오리 각종 전골요리에 튀김, 치즈 가리비, 망고빙수를 포함한 디저트, 과일, 베이커리 등 진짜 알짜배기들만 모아 놓은 뷔페입니다. 심지어 오r인, 맥쮸, 탄산음료, 커피 등 마실거리까지 전부 추가 비용 ❌ 인터불고 호텔(5성급)에서 직접 운영하는 곳으로, 각 코너별 쉐프님들이 쉴 틈 없이 라이브로 요리를 내어주시는 덕분에 음식이 마르거나 식지 않아서 퀄리티가 더 좋게 느껴졌던 곳이에요. 이 가격에 이 구성,, 진짜 5성급이 맞나 싶을 정도로 가성비 너무 좋고 ㅎ 개별 룸도 있어 기념일이나 가족 모임 등 특별한 날 와도 부담 없을 것 같아요 ! ————————————— 📍바르미 심비디움2 • 서울 서초구 방배천로 11, 파스텔시티 5층 • 영업시간 11:30-21:30 (주말 브레이크X) ————————————— • 평일 점심 ₩44,800 • 평일 저녁 / 주말, 공휴일 ₩48,800 ————————————— #바르미 #심비디움2 #서울호텔뷔페 #서울해산물뷔페 #서울가성비뷔페 #사당맛집 #사당역맛집 #이수맛집 #이수역맛집 #서초구맛집 #서초맛집 #강남맛집 #사당데이트 #사당핫플 #강남데이트 #강남데이트코스 #강남핫플 #서울기념일맛집”.](blob:http://localhost/b9a31d3949b1882a09ed2f8508d538f3) **662**](https://www.tiktok.com/@matdori.world/video/7540508606479895826)\n\n5성급 호텔을 4만원대에 먹을 수 있는 유일한 방법 (추가비용X 아무나O) 초밥, 사시미 등 신선한 해산물은 물론이고 소고기/양고기 스테이크, 민물장어, 치킨, 오리 각종 전골요리에 튀김, 치즈 가리비, 망고빙수를 포함한 디저트, 과일, 베이커리 등 진짜 알짜배기들만 모아 놓은 뷔페입니다. 심지어 오r인, 맥쮸, 탄산음료, 커피 등 마실거리까지 전부 추가 비용 ❌ 인터불고 호텔(5성급)에서 직접 운영하는 곳으로, 각 코너별 쉐프님들이 쉴 틈 없이 라이브로 요리를 내어주시는 덕분에 음식이 마르거나 식지 않아서 퀄리티가 더 좋게 느껴졌던 곳이에요. 이 가격에 이 구성,, 진짜 5성급이 맞나 싶을 정도로 가성비 너무 좋고 ㅎ 개별 룸도 있어 기념일이나 가족 모임 등 특별한 날 와도 부담 없을 것 같아요 ! ————————————— 📍바르미 심비디움2 • 서울 서초구 방배천로 11, 파스텔시티 5층 • 영업시간 11:30-21:30 (주말 브레이크X) ————————————— • 평일 점심 ₩44,800 • 평일 저녁 / 주말, 공휴일 ₩48,800 ————————————— #바르미 #심비디움2 #서울호텔뷔페 #서울해산물뷔페 #서울가성비뷔페 #사당맛집 #사당역맛집 #이수맛집 #이수역맛집 #서초구맛집 #서초맛집 #강남맛집 #사당데이트 #사당핫플 #강남데이트 #강남데이트코스 #강남핫플 #서울기념일맛집 5성급 호텔에서 즐기는 저렴한 뷔페. 서울 서초구에서 신선한 해산물과 다양한 요리를 즐길 수 있는 가성비 좋은 5성급 호텔 뷔페를 소개합니다! #바르미 #심비디움2 #서울뷔페. 서울 5성급 호텔 뷔페, 가성비 좋은 뷔페, 서초구 맛집, 신선한 해산물 뷔페, 특별한 날 기념일 식사, 점심 저녁 뷔페 가격, 서울 해산물 뷔페 추천, 가족 모임 음식, 서울 고급 음식점, 바르미 심비디움2 정보\n\n[![Image 28](https://p16-common-sign.tiktokcdn-us.com/tos-alisg-avt-0068/1b74272db834921ceea418b6f90418b5~tplv-tiktokx-cropcenter:100:100.jpeg?dr=9640&refresh_token=a1dab817&x-expires=1764522000&x-signature=ue3jd8mghYji0k0EnThqRPXxRUI%3D&t=4d5b0474&ps=13740610&shp=a5d48078&shcp=81f88b70&idc=useast8) matdori.world](https://www.tiktok.com/@matdori.world)97K\n\n### Related to 곰곰 호주산 소고기 부채살 구이용\n\n[소고기 우둔살](https://www.tiktok.com/discover/%EC%86%8C%EA%B3%A0%EA%B8%B0-%EC%9A%B0%EB%91%94%EC%82%B4 \"소고기 우둔살 | TikTok\")[호주산 염소고기](https://www.tiktok.com/discover/%ED%98%B8%EC%A3%BC%EC%82%B0-%EC%97%BC%EC%86%8C%EA%B3%A0%EA%B8%B0 \"호주산 염소고기 | TikTok\")[소고기산적양념](https://www.tiktok.com/discover/%EC%86%8C%EA%B3%A0%EA%B8%B0%EC%82%B0%EC%A0%81%EC%96%91%EB%85%90 \"소고기산적양념 | TikTok\")[오산 소고기 정육식당](https://www.tiktok.com/discover/%EC%98%A4%EC%82%B0-%EC%86%8C%EA%B3%A0%EA%B8%B0-%EC%A0%95%EC%9C%A1%EC%8B%9D%EB%8B%B9 \"오산 소고기 정육식당 | TikTok\")[일산 소고기](https://www.tiktok.com/discover/%EC%9D%BC%EC%82%B0-%EC%86%8C%EA%B3%A0%EA%B8%B0 \"일산 소고기 | TikTok\")[호주산 양고기](https://www.tiktok.com/discover/%ED%98%B8%EC%A3%BC%EC%82%B0-%EC%96%91%EA%B3%A0%EA%B8%B0 \"호주산 양고기 | TikTok\")[소불고기용 고기 구워먹기](https://www.tiktok.com/discover/%EC%86%8C%EB%B6%88%EA%B3%A0%EA%B8%B0%EC%9A%A9-%EA%B3%A0%EA%B8%B0-%EA%B5%AC%EC%9B%8C%EB%A8%B9%EA%B8%B0 \"소불고기용 고기 구워먹기 | TikTok\")[소고기부채살 수육](https://www.tiktok.com/discover/%EC%86%8C%EA%B3%A0%EA%B8%B0%EB%B6%80%EC%B1%84%EC%82%B4-%EC%88%98%EC%9C%A1 \"소고기부채살 수육 | TikTok\")[소고기 우둔살 수육](https://www.tiktok.com/discover/%EC%86%8C%EA%B3%A0%EA%B8%B0-%EC%9A%B0%EB%91%94%EC%82%B4-%EC%88%98%EC%9C%A1 \"소고기 우둔살 수육 | TikTok\")[마산 파채불고기](https://www.tiktok.com/discover/%EB%A7%88%EC%82%B0-%ED%8C%8C%EC%B1%84%EB%B6%88%EA%B3%A0%EA%B8%B0 \"마산 파채불고기 | TikTok\")"
      },
      {
        "platform": "blog",
        "title": "직영 한우 정육점 - 품질 좋은 선물세트 판매",
        "url": "https://www.tiktok.com/@adele_1017/video/7540120907596041480",
        "snippet": "사장님이 직접 키워, 사장님이 직접 파는 한우 정육점으로 축사부터 도축, 가공, 판매까지 직영 시스템이라 유통마진 0원! 마블넘버 7~9 이상의 최상급 1",
        "score": 0.09944416,
        "timestamp": "2025-11-29T02:23:19.243983",
        "raw_content": null
      },
      {
        "platform": "blog",
        "title": "서울 3대 라면 맛집, 치즈라면과 짬뽕라면 | TikTok",
        "url": "https://www.tiktok.com/@fooditor/video/7367283358340009234",
        "snippet": "Image 2: 한 그릇에 5000원인 라면이라는데 드디어 서울 3대 라면 중 한 곳 다녀왔습니다 백종원의 3대 천왕에도 나오고 최근에는 풍자또간집에서 소개됐다네요? 뚝배기에 펄펄 끓여주는 짬뽕라면으로 유명한데 이 날은 속이 좀 쓰려서 치즈라면으로 결정,,! 치즈 추가해서 먹었는데 오.. 완전 맛있습니다 뭔가 간이 잘 맞아서 면을 다 먹은다음 국물이 아까워서 밥을 말게 되네요,, 시원 칼칼하니 해장으로도 딱일 거 같아서 술 먹은 다음날 또 생각날 거 같았습니다! 🤍같이 가고싶은 친구 ’태그‘ 혹은 ’공유‘ 🤍기억해두고 싶은 맛집이라면 ‘저장’ 🤍컨텐츠가 마음에 드셨다면 ’좋아요‘ 📍경춘자의라면땡기는날 ▪️서울 종로구 율곡로3길 82 ▪️짬뽕라면(5,500원) ▪️치즈라면(5,000원) #라면 #안국맛집 #분식 \n\n1691\n\n24\n\n16\n\n00:01 / 00:27\n\nImage 3fooditor 푸디터 fooditor · 2024-5-10\n\nFollow\n\nmore [...] 한 그릇에 5000원인 라면이라는데\n\n드디어\n\n서울 3대 라면 중 한 곳 다녀왔습니다\n\n백종원의 3대 천왕에도 나오고\n\n최근에는 풍자또간집에서 소개됐다네요?\n\n뚝배기에 펄펄 끓여주는 짬뽕라면으로 유명한데\n\n이 날은 속이 좀 쓰려서 치즈라면으로 결정,,!\n\n치즈 추가해서 먹었는데 오.. 완전 맛있습니다\n\n뭔가 간이 잘 맞아서 면을 다 먹은다음\n\n국물이 아까워서 밥을 말게 되네요,,\n\n시원 칼칼하니 해장으로도 딱일 거 같아서\n\n술 먹은 다음날 또 생각날 거 같았습니다!\n\n🤍같이 가고싶은 친구 ’태그‘ 혹은 ’공유‘\n\n🤍기억해두고 싶은 맛집이라면 ‘저장’\n\n🤍컨텐츠가 마음에 드셨다면 ’좋아요‘\n\n📍경춘자의라면땡기는날\n\n▪️서울 종로구 율곡로3길 82\n\n▪️짬뽕라면(5,500원)\n\n▪️치즈라면(5,000원)\n\n#라면#안국맛집#분식\n\nSee translation\n\n#### 오리지널 사운드 - 푸디터 fooditor\n\nAnguk Station · Jongno-gu\n\n1 comment [...] 서울 3대 라면 맛집, 치즈라면과 짬뽕라면 | TikTok\n\n1.      #### TikTok Shop is now available on web!\n\nBrowse your favorite items.      \n\nTikTok\n\nLog in\n\nTikTok\n\nSearch\n\nFor You\n\nShop\n\nExplore\n\nFollowing\n\nLIVE\n\nUpload\n\nProfile\n\nMore\n\nLog in\n\n#### Company\n\n#### Program\n\n#### Terms & Policies\n\n© 2025 TikTok\n\nImage 1",
        "score": 0.060846824,
        "timestamp": "2025-11-29T02:23:19.243984",
        "raw_content": "서울 3대 라면 맛집, 치즈라면과 짬뽕라면 | TikTok\n\n===============\n\n1.      #### TikTok Shop is now available on web!\n\nBrowse your favorite items.      \n\n[**TikTok**](https://www.tiktok.com/)\n\nLog in\n\n[**TikTok**](https://www.tiktok.com/)\n\nSearch\n\n[For You](https://www.tiktok.com/)\n\n[Shop](https://www.tiktok.com/shop)\n\n[Explore](https://www.tiktok.com/explore)\n\n[Following](https://www.tiktok.com/following)\n\n[LIVE](https://www.tiktok.com/live)\n\n[Upload](https://www.tiktok.com/tiktokstudio/upload?from=webapp)\n\n[Profile](https://www.tiktok.com/@)\n\nMore\n\nLog in\n\n#### Company\n\n#### Program\n\n#### Terms & Policies\n\n© 2025 TikTok\n\n![Image 1](https://lf16-tiktok-web.tiktokcdn-us.com/obj/tiktok-web-tx/tiktok/webapp/main/react-v17/webapp-desktop/static/image/tiktok-loading.989928f2.gif)\n\n![Image 2: 한 그릇에 5000원인 라면이라는데 드디어 서울 3대 라면 중 한 곳 다녀왔습니다 백종원의 3대 천왕에도 나오고 최근에는 풍자또간집에서 소개됐다네요? 뚝배기에 펄펄 끓여주는 짬뽕라면으로 유명한데 이 날은 속이 좀 쓰려서 치즈라면으로 결정,,! 치즈 추가해서 먹었는데 오.. 완전 맛있습니다 뭔가 간이 잘 맞아서 면을 다 먹은다음 국물이 아까워서 밥을 말게 되네요,, 시원 칼칼하니 해장으로도 딱일 거 같아서 술 먹은 다음날 또 생각날 거 같았습니다! 🤍같이 가고싶은 친구 ’태그‘ 혹은 ’공유‘ 🤍기억해두고 싶은 맛집이라면 ‘저장’ 🤍컨텐츠가 마음에 드셨다면 ’좋아요‘ 📍경춘자의라면땡기는날 ▪️서울 종로구 율곡로3길 82 ▪️짬뽕라면(5,500원) ▪️치즈라면(5,000원) #라면 #안국맛집 #분식 ](https://p16-common-sign.tiktokcdn-us.com/tos-alisg-p-0037/8fbdcb06b8144a9899b5bb427eff7169_1715329333~tplv-tiktokx-origin.image?dr=9636&x-expires=1764522000&x-signature=55%2FFS7GOE%2BExv7tszmmpK2rE9GI%3D&t=4d5b0474&ps=13740610&shp=81f88b70&shcp=43f4a2f9&idc=useast8)\n\n**169****1**\n\n**24**\n\n**16**\n\n00:01 / 00:27\n\n[![Image 3](https://p16-common-sign.tiktokcdn-us.com/tos-alisg-avt-0068/d0d0b804c79afe16e20d11f5d49e3b41~tplv-tiktokx-cropcenter:100:100.jpeg?dr=9640&refresh_token=f6b246b2&x-expires=1764522000&x-signature=EIxhy5D7MRpyT9MS2ZRl%2B6N77Gk%3D&t=4d5b0474&ps=13740610&shp=a5d48078&shcp=81f88b70&idc=useast8)](https://www.tiktok.com/@fooditor)[fooditor 푸디터 fooditor · 2024-5-10](https://www.tiktok.com/@fooditor)\n\nFollow\n\nmore\n\n한 그릇에 5000원인 라면이라는데\n\n드디어\n\n서울 3대 라면 중 한 곳 다녀왔습니다\n\n백종원의 3대 천왕에도 나오고\n\n최근에는 풍자또간집에서 소개됐다네요?\n\n뚝배기에 펄펄 끓여주는 짬뽕라면으로 유명한데\n\n이 날은 속이 좀 쓰려서 치즈라면으로 결정,,!\n\n치즈 추가해서 먹었는데 오.. 완전 맛있습니다\n\n뭔가 간이 잘 맞아서 면을 다 먹은다음\n\n국물이 아까워서 밥을 말게 되네요,,\n\n시원 칼칼하니 해장으로도 딱일 거 같아서\n\n술 먹은 다음날 또 생각날 거 같았습니다!\n\n🤍같이 가고싶은 친구 ’태그‘ 혹은 ’공유‘\n\n🤍기억해두고 싶은 맛집이라면 ‘저장’\n\n🤍컨텐츠가 마음에 드셨다면 ’좋아요‘\n\n📍경춘자의라면땡기는날\n\n▪️서울 종로구 율곡로3길 82\n\n▪️짬뽕라면(5,500원)\n\n▪️치즈라면(5,000원)\n\n[**#라면**](https://www.tiktok.com/tag/%EB%9D%BC%EB%A9%B4)[**#안국맛집**](https://www.tiktok.com/tag/%EC%95%88%EA%B5%AD%EB%A7%9B%EC%A7%91)[**#분식**](https://www.tiktok.com/tag/%EB%B6%84%EC%8B%9D)\n\nSee translation\n\n#### [오리지널 사운드 - 푸디터 fooditor](https://www.tiktok.com/music/%EC%98%A4%EB%A6%AC%EC%A7%80%EB%84%90-%EC%82%AC%EC%9A%B4%EB%93%9C-%ED%91%B8%EB%94%94%ED%84%B0-fooditor-7367283389370223361)\n\n[Anguk Station · Jongno-gu](https://www.tiktok.com/place/Anguk-Station-22535865294982176)\n\n1 comment\n\nLog in to comment\n\n[![Image 4](https://p16-common-sign.tiktokcdn-us.com/tos-alisg-avt-0068/7355592058142195733~tplv-tiktokx-cropcenter:100:100.jpg?dr=9640&refresh_token=c0b35774&x-expires=1764435600&x-signature=na1SZLSQ6W1uIIRM6jbMoF%2FFNTw%3D&t=4d5b0474&ps=13740610&shp=30310797&shcp=ff37627b&idc=useast8)](https://www.tiktok.com/@user7024960883919)\n\n[녠희](https://www.tiktok.com/@user7024960883919)\n\n🥰\n\n3-27 Reply\n\n0\n\nYou may like\n\nLog in\n\nLog in\n\nIntroducing keyboard shortcuts!\n\nGo to previous video\n\nGo to next video\n\nLike video \n\nMute / unmute video \n\nPlay / Pause\n\nSkip forward\n\nSkip backward\n\nFull screen"
      },
      {
        "platform": "blog",
        "title": "평택 소갈비 맛집 추천 & 리뷰 - 평택 설우정 | TikTok",
        "url": "https://www.tiktok.com/@fooditor/video/7379100891980254472",
        "snippet": "좋아요 923개,댓글 27개.푸디터 fooditor (@fooditor) 님의 TikTok (틱톡) 동영상: \"평택 소갈비 맛집인 평택 설우정 소개! 마늘 듬뿍한 소갈비,",
        "score": 0.04853668,
        "timestamp": "2025-11-29T02:23:19.243986",
        "raw_content": null
      },
      {
        "platform": "blog",
        "title": "순두부와 계란의 꼬소함이 부릅니다.. #밥추가 부천 상동에서 꽤 ...",
        "url": "https://www.tiktok.com/@fooditor/video/7292017325484657928",
        "snippet": "원호입니다. 밑반찬으로 고등어 구이가 나오는. 순두부찌개 맛집. 부천 시골 순두부 소개할게요. 리뷰가 1000 개가 넘는. 부천 상동에서.",
        "score": 0.04837458,
        "timestamp": "2025-11-29T02:23:19.243987",
        "raw_content": null
      },
      {
        "platform": "blog",
        "title": "#소고기오마카세 | TikTok",
        "url": "https://www.tiktok.com/tag/%EC%86%8C%EA%B3%A0%EA%B8%B0%EC%98%A4%EB%A7%88%EC%B9%B4%EC%84%B8",
        "snippet": "육즙이 엄청 났고. 제 원피. 표고 와사비가 특히 맛있습니다. 세 번째. 소갈비 썰로 만든 소고기 함바. 먹는 법은 밥과. 계란과 간장을 섞어. 비벼먹거나. 계란에 간장을",
        "score": 0.048051927,
        "timestamp": "2025-11-29T02:23:19.243989",
        "raw_content": null
      },
      {
        "platform": "blog",
        "title": "신항만 꿀구이집 - TikTok",
        "url": "https://www.tiktok.com/discover/%EC%8B%A0%ED%95%AD%EB%A7%8C-%EA%BF%80%EA%B5%AC%EC%9D%B4%EC%A7%91",
        "snippet": "안창살 늑간살. 연꽃 갈비 살. 우대 갈비까지. 한 번에 맛볼 수 있는 세트인데. 소고기와 함께 먹을 수 있는. 소스들도. 굉장히 다양하게 준비되어 있어서",
        "score": 0.04229698,
        "timestamp": "2025-11-29T02:23:19.243991",
        "raw_content": null
      },
      {
        "platform": "blog",
        "title": "vocab.txt",
        "url": "https://huggingface.co/deliciouscat/kf-deberta-base-cross-nli/resolve/main/vocab.txt?download=true",
        "snippet": "쇠고기 달라졌 ##베리 본관 해수부 전매 판문 두려워 임진 등재 z 와이파이 지각 중앙일보 ##경기 그해 GE 토목 플라자 양수 NF 자정 세뇌 인척 갯 ##94 브라우 그라운드 심포 후지 분식 CES IFRS 공모주 대란 쑥 아이패드 이끈 수협 탈세 죽창 밀양 분단 돌아와 반지 달해 ##ory 꼽혔 머물러 ##22 칼럼 스트라이 불린다 알림 모스크 직선 틸 재산세 빠져나가 빈번 전대 쎄 ##퇴직 돌렸 ##잖아 ##ics 이현 펌프 아우르 가담 이완 ##다이스 랴 세이브 대교 ##ank ##arket 표출 ##의사 만회 경협 에드 123 못지않 달래 리어 편향 ##56 로맨스 가솔린 Br 걸어서 정형 포천 맥도 대출금 공무 품안 파라다이스 늠 칠레 ##98 안중 뻘 결실 일명 세정 기미 온스 은근 하여간 프린터 이루어질 나주 도미 일감 헤이 화소 AD 세분 KDB 토리 필라 주어지 해준다 113 선장 엄정 고래 계수 연고 중남미 sbs ##텍스 우선주 찜 베이시스 선세 종속 포크 [...] 좋아하 지목 씻 된다며 ##숭이 직면 증언 응답자 증인 지혜 가하 횟수 ##남도 계단 철거 소련 탁월 신부 어두 ##ns 잦 ##어버 감자 언젠 한쪽 원작 범행 수강 코오 공세 수출입 야간 원정 전수 매치 정신병 ##렉션 스님 맞물 그래야 항의 거친 도출 웃기 최우선 PD 그래픽 괴롭 마인 ##해야 ##ill SUV 성경 추후 로이터 무서운 남한 인가요 김일 자신감 동성 해지 회원국 옮기 풍력 ##포트 김진 기울이 모빌리티 꿈꾸 퍼시픽 인연 상단 건축물 ##리스트 감싸 녀석 굽 ##워하 한국전력 관할 조제 장려 코오롱 한우 태블릿 ##북도 컨텐츠 정제 ##수산 유권자 영구 교통사고 실효 서브 내보 일당 스펙 육군 LS 현물 선착 써야 어쨌 실점 105 튜 동구 ##더스 구멍 수년 백악 대륙 횡령 오가 TF 참으로 베네 벅스 to 안드로 막말 웬 위장 착한 기어 목포 동화 탈락 료 ##구요 솔로 유럽연합 창업자 vs 송도 소감 내게 거뒀 충성 and 주식회사 련 신학 응용 ##oT [...] 장식 가파 낚 저점 걸려 193 블로그 남기 연맹 미쳤 징계 만날 연평균 롱 감면 나타난 결승 스튜디오 앵 부리 분당 해체 가질 과목 견조 손상 이렇 반일 자제 증진 신화 위상 애니메이션 부재 월세 The 합류 열차 구도 이닝 똑같이 상인 유시민 어치 도내 유해 조화 억울 그래프 고지 공익 한가 에서부터 이럴 퓨 번지 차트 체포 나갔 송파 외형 나노 ##if 윌 습관 자아 다를 탈출 좃 마당 에다 ##ard 예외 190 산림 사령 타당 퀴 ##NA 오늘날 ##받침 클래스 파생 동월 흥행 창립 ##다리 세일 기생 자마자 콜라 딩 유용 ##TX 근접 연극 ##ug 복원 폐렴 조례 체육관 인건비 둥 초래 실정 될지 높일 역전 걸음 적응 비정 최저임금 우호 위생 출석 터치 로마 놔 대체로 쓰이 커졌 충당 오버 엄격 견해 ESG 발효 콤 ##소시 ##드로 ##ell 타자 교실 ##핵화 ##총장 살려 비핵화 넘겨 장학금 을까요 멍청 경찰서 지랄 Re ##ate 외식 리스 조리 스코 럭 겨우",
        "score": 0.04191884,
        "timestamp": "2025-11-29T02:23:19.243992",
        "raw_content": "[PAD] [UNK] [CLS] [SEP] [MASK] 이 . 다 는 에 을 하 의 가 은 고 , 한 지 를 기 으 1 있 대 도 으로 인 일 2 들 사 수 시 ( ) 로 했 아 전 해 에서 그 보 과 어 ' 자 것 적 주 만 정 부 나 라 상 면 중 제 등 게 경 3 개 위 공 되 할 원 \" 조 와 국 성 년 여 된 거 유 % 관 비 서 20 내 소 모 었 5 연 한다 신 마 4 오 미 월 분 세 선 말 ##니다 안 구 없 통 우 ? 최 스 생 동 며 실 문 예 발 매 회 현 때 않 진 당 방 장 화 6 ##00 영 차 계 바 무 금 까 더 명 억 강 재 증 까지 다고 7 확 입 따 · 건 투 단 8 반 달 ~ 교 던 감 지난 받 - 추 같 결 불 9 올 대한 노 저 지만 면서 배 된다 특 업 시장 라고 에게 또 다는 포 10 겠 았 습 네 한국 처 201 설 후 평 물 많 함 코 기업 및 판 권 점 부터 아니 산 출 사람 습니다 간 이름 됐 남 김 알 요 사업 니 위해 투자 역 는데 보다 될 외 ! 파 19 프 운 데 학 우리 집 못 밝 종 행 합 임 높 본 때문 치 작 라는 호 청 법 민 총 두 참 중국 직 미국 가능 규 리 통해 활 형 협 정부 경우 초 야 피 S 새 변 박 서울 지역 양 필 약 경제 열 환 체 앞 살 검 음 심 였 삼 타 국민 번 밝혔 좋 금융 천 12 C 0 각 11 카 목 순 이상 200 냐 드 지원 이번 따라 증가 채 줄 시간 잘 대해 해야 문제 생각 ##000 맞 용 크 : 대표 상승 관계 그러 트 일본 관련 국내 이나 이후 ᄏ 북 손 씨 광 경기 속 / 30 나라 편 함께 사용 개발 대비 기술 A 준 위한 전망 하나 디 누 언 버 성장 ##비스 연구 현재 급 15 세계 걸 식 도록 기록 사회 필요 온 표 별 돌 L 근 취 진행 올해 계획 위원 완 가격 대통 기준 거래 가장 서비스 글 애 군 달러 대통령 산업 분기 메 백 상황 최근 P ᄏᄏ 프로 지난해 늘 복 아이 예상 창 그리 너 브 돼 충 항 시작 넘 토 뉴 다른 독 수준 매출 제품 플 질 절 업체 = 규모 ##레이 삼성 I 효 으면 담 큰 K 교육 정보 폭 은행 뒤 해서 정책 이런 지금 려 입니다 M 만들 이용 농 판매 쓰 예정 률 엔 국가 정도 확대 기대 회사 친 대상 조사 전문 자신 으며 향 모두 패 T 베 곳 승 이익 나타 관리 테 하락 커 이날 18 태 13 느 영업 가지 G 결과 E 길 B 평가 제공 ##스트 사이 16 현대 사실 는다 왜 금리 따르 14 센 책 기자 처럼 날 논 다양 기관 생산 측 관계자 병 다시 이어 합니다 눈 실적 운영 얼 찾 개선 고객 ##라고 25 D 발표 먹 그런 접 철 소비 민주 정치 설명 들어 잡 레 ##지만 지속 수익 좀 라며 빠 그리고 키 ##렇게 허 상품 한다고 주택 보이 17 어서 돈 ##랜드 죽 갖 모든 축 100 거나 듯 그러나 볼 의원 하지만 막 뿐 문화 활동 추가 다음 이라고 또한 ##시아 낮 싶 기간 발생 벌 보험 ##로나 대학 경쟁 팀 증권 홍 북한 F 최고 최대 50 코로나 그래 21 추진 자동 결정 분석 해외 영향 환경 글로 갈 22 도시 ##er 감소 주가 님 지수 24 율 회장 글로벌 포함 는지 유지 ##운데 이미 든 공급 새로 많이 개인 끝 강화 참여 다가 몰 머 국제 효과 과정 난 가운데 그룹 ##대로 빨 ##인다 확인 내용 동안 경영 기존 따른 ##in 뭐 외국 놓 시키 수출 아닌 이유 밖 주식 시스 전체 이제 존 블 클 떨 건설 모습 한다는 란 페 센터 악 개월 없이 주요 중심 판단 23 인데 바이 수요 범 러 중요 다면 O 계약 ##on 첫 대출 위원회 골 후보 다며 탄 적용 구조 만큼 국회 조정 N ##마트 극 활용 ##으며 게임 m 시스템 자산 역시 피해 한편 나오 일부 ##부터 + 자금 행사 인터 발전 구성 인간 시설 28 방송 좌 어려 각각 가치 먼 27 29 핵 긴 공개 마련 생활 케 학교 26 장관 40 관심 안전 새로운 펀 안정 터 처음 자리 평균 황 일반 계속 왔 전략 폐 부문 분야 스타 202 같이 캐 자동차 휴 째 우려 직접 통신 여러 봐 해당 조선 상태 R ##반기 못하 준비 당시 전년 층 상대 아직 매수 떨어 회의 오후 내년 ##어나 브랜드 문재 홈 자기 미래 선거 ##인트 팔 ##전자 인상 잠 쇼 전국 ##주의 방법 또는 석 밀 능 ##너지 아파 출시 여성 혁 응 변화 엄 침 코스 어떤 떠 여기 31 업계 검찰 주장 망 경찰 알려 영화 & 너무 ##이터 마음 민주당 실시 프로그 컨 부동 제도 부분 전자 의미 보여 보인다 부담 자유 ##라인 윤 인지 어떻 지방 목표 아파트 어야 H 회복 죠 사건 공동 방식 돌아 이야 바로 실제 오전 포인트 물론 희 ##an ##스크 프로그램 펀드 뉴스 부동산 콘 육 티 지적 부산 품 s 강조 책임 ##리아 비용 답 송 소비자 가구 입장 의견 기사 학생 k 아무 언론 확보 LG 더욱 해도 중소 성공 이사 ##이트 풀 업무 노력 시민 장기 교수 협력 스마트 유럽 중앙 가족 이러 요구 보유 외국인 정신 ##라도 탈 자체 모르 ##니까 롯 정상 지지 대부 기능 ##은행 혼 카드 라면 진짜 루 이야기 귀 적극 이렇게 단체 운동 감독 수사 신규 롯데 비중 단계 정권 ##al 시대 ##or 전환 t 압 특별 건강 ##민국 전기 노동 SK 얻 놈 울 사랑 대한민국 다만 퍼 위기 고려 규제 ##이스 몇 소리 선정 대부분 그냥 왕 직원 선택 능력 ##ar 어떻게 공사 문재인 라도 p 에너지 어요 얼마 역사 봉 60 결국 대해서 비롯 향후 ##러스 깨 종목 반영 증시 보호 액 제조 현지 쉽 신청 선수 방문 인가 ##at 사고 풍 위치 c 정말 ##en 세요 둘 이해 여자 단지 모델 싸 삼성전자 나가 사진 시행 상기 가입 현장 분양 ##기업 그것 설치 기반 전문가 견 한테 즉 대구 치료 연구원 어느 공장 대응 격 검사 반면 대로 몸 나온 놀 도입 그렇 처리 인사 씩 역할 기본 이전 의료 업종 해결 오늘 짓 비교 욕 데이터 인정 워 방안 W 흐 얘 구매 병원 조국 ##거리 열린 위험 대회 대책 집중 관광 조치 즐 ##으나 ##다고 투자자 끌 상당 ] 여행 쪽 기회 사장 혁신 위해서 솔 ##다는 암 믿 재정 비해 ##라이 [ 199 하루 매출액 착 경험 차지 지급 잔 인터넷 인수 주민 통합 앞서 제한 인해 공간 행정 로서 종합 뛰 교통 거리 선보 고용 제작 맡 매우 시켜 ᄏᄏᄏ 나타났 위원장 지난달 2018 인천 소득 먼저 공정 신용 십 당신 공격 조직 그래서 뜻 네요 000 개최 연결 수입 웃 로부터 구축 아야 ##소리 세상 ##자리 아서 이하 감사 70 제시 차량 조성 대형 ##이지 반대 우선 과거 본격 온라인 해라 디자 ; 혜 a 려고 올라 그렇게 자료 이뤄 제외 마다 공공 ##어난 둔 끼 꾸 선물 항공 핵심 존재 어린 비율 어디 b 오른 상장 으나 # 세금 채권 500 보였 현실 움 무슨 께 니까 맛 V 세대 과학 누구 보수 ##시스 TV ##50 광주 작업 헤 시즌 도움 보도 U 참석 얘기 지분 최초 죄 만나 인기 본부 유통 법인 차이 소재 자연 제대로 진출 댓 지나 빌 80 방향 중소기업 징 식품 라이 개정 자본 동시 반도 프리 작품 아시아 ##디어 색 광고 2017 예산 성과 흥 전했 혐 개혁 이동 ##es 이루 부족 제주 쿠 무엇 기획 무역 잘못 인도 2000 반도체 공시 확실 쇼핑 보고 여전 못한 ##진다 ##동안 영상 낙 여부 2015 논의 보내 복지 완화 남자 겨 연속 지구 ##ic 납 2016 환자 내려 쳐 통한 디자인 ##it 금액 봤 드러 시기 삶 퇴 동기 영국 통화 합의 모바 일정 목적 Q 연합 모바일 이것 대신 생명 을까 할인 경쟁력 택 갑 벤 하이 추정 붙 캠 려는 맥 확산 슬 ^ 행위 하반기 사례 속도 전쟁 주목 ##머니 ##므로 설립 더불 검토 에선 달리 그런데 호텔 푸 협의 했으며 완전 전화 협회 의사 슈 우수 부진 수도 친구 l ##이션 으니 공식 거의 체결 환율 감염 댓글 인식 배우 찍 회원 사태 더라도 어렵 조금 요인 Y 사항 못했 다니 제기 ##러운 촉 ##벤트 밖에 주변 임대 이벤트 등록 변경 청와 부정 활성 재앙 얼마나 청와대 지정 ##텐츠 ##무원 덧 지도 디지 만든 높이 팬 가까 2014 분위 화학 담당 독일 따라서 사무 당국 헌 35 녹 듣 마지 펼 나왔 발행 홀 방침 숨 론 긍 등장 마이 운용 관한 움직 컴 행동 내부 참가 서로 자원 전달 작년 신고 표현 형태 넘어 최종 민간 창업 일자리 찾아 전시 등급 부모 본인 유가 충분 물량 혐의 플랫 음식 숙 혜택 마지막 가정 규정 덧붙 인하 ##리스 긍정 찬 졌 체계 아주 분위기 협상 지표 장애 물가 디지털 ##프트 최소 ##ing 빈 1000 폼 그만 32 언제 금지 으로써 조건 됨 각종 정의 틀 비판 90 넣 2013 머리 얼굴 소개 주도 장비 의해 러시아 시험 ##플레이 음악 흐름 단기 갔 됩 전용 혹 상반기 곡 추천 마케 오려 들어가 마감 KB ##ion 멀 빼 강세 최저 2012 연금 청년 마케팅 프랑 인한 달성 d 변동 ##le 심리 36 출신 ##re 5000 훈 뉴시스 희망 라인 짜 사전 덕 겪 ##없이 ##럼프 딸 뭔 으로서 ##is 멘 전날 효율 뽑 는가 올랐 계열 사이트 꿈 됩니다 프로젝 매장 덧붙였 보장 ##어들 꺼 ##린다 바람 동사 근로 마을 집단 2020 심사 밤 주인 설계 콘텐츠 바이오 스마트폰 절차 불구 ##회사 매각 고자 진단 사상 트럼프 칼 ##버지 대체 똑 잖 2010 써 요청 33 유치 범죄 2019 ##스로 랑 가진 꼭 엘 대전 공연 그럼 그동안 ∼ 300 특징 프로젝트 앤 그녀 스럽 인력 낸 소속 타이 강남 콜 레이 싱 현상 읽 ##스터 부품 노조 확진 체험 벗 쓰레 지하 궁 ##가지 아들 잇 줘 차례 청소 J 임금 형성 값 섬 감안 술 이르 그대로 흔 측면 작용 연기 다르 g 공감 공무원 스스로 IT 수주 오르 쓰레기 수행 박근 언급 올리 사망 도로 제출 파악 저런 시점 땅 e 흑 신문 원인 f 척 투표 인증 버리 기념 중단 전통 링 빠르 젊 비슷 재판 스포 연간 198 예술 주제 차별 인구 가량 깊 마스크 곧 추세 구체 정확 반응 뇌 어려운 코스피 이게 행복 박근혜 탑 조작 주로 냉 어도 누가 차원 프랑스 바라 싫 ##운드 2011 평화 꼬 불과 바탕 셨 발견 45 ##이드 실제로 ##레스 염 경기도 재산 축소 확정 논란 알려졌 꼴 ##한다 정당 34 대우 불법 폴 어린이 건물 류 졸 아래 쉬 시청 외교 ##페인 ##화점 이달 더니 딱 순이 건축 매도 앱 배당 유명 교회 현대차 누리 뉴욕 익 ##나라 강력 결혼 무료 내놓 소식 불안 전반 ᅳ 좌파 나온다 신한 결제 나타나 은데 매매 으로부터 플레이 구속 혈 탓 유로 웨 걱 수상 네이 이끌 편의 목소리 자세 기초 나이 신뢰 나서 \\* 만드 공유 꼽 겁 재무 느냐 걱정 사업자 손실 국토 ##수록 위안 거쳐 바이러스 텍 드라 스포츠 ##ro 기여 절대 ##페이지 가져 당연 취업 화장 홈페이지 보고서 텔 지켜 옥 38 조합 주주 밥 적자 네트 리그 ##30 제안 창출 단순 김정 순이익 ##디오 공모 작가 했으나 코리아 출연 점검 KT 채용 프리미 공산 설비 케이 설정 질문 애플 여론 공항 의혹 전력 대화 37 홍보 통과 채널 예방 앞두 둔화 시절 체제 ##어지 ##의원 @ 확장 발언 이어지 총리 셀 텐 해양 52 고민 ##el 수수 주문 아버지 새끼 헬 분명 사라 입주 기억 연장 쓸 백화점 나와 코스닥 00 시리 으면서 제일 법원 ##스코 ##카오 지식 공부 한다면 시각 국정 올림 져 버스 승리 ##니스 전혀 소프트 기다 첨 균 접근 ##갱이 ##증권 미치 자격 장치 ᄒ 해소 ##아가 시도 부채 보증 변호 공원 근무 독립 빅 일단 묻 인물 디스 요즘 줬 갤 대선 ##et 구나 스토 특성 회담 ##as 살펴 베트 특정 진정 의무 려면 동일 된다고 외부 초기 청약 총선 영역 매력 ##프라 이미지 지주 남성 ##회장 상담 2008 감정 현금 51 스타일 오픈 아닌가 맨 톤 서울시 거짓 스트 피부 청구 ##우스 시킨 Yo 상승세 ##드시 인근 보상 통계 2009 탐 협약 드라마 빨갱이 나갈 반드시 점유 지배 42 ##he 프리미엄 잃 베트남 월드 o 남북 투입 올림픽 순위 순간 팩 어려움 향상 요금 아마 의장 과제 전부 울산 보건 여름 컬 악화 집계 준다 네이버 카카오 n 손해 39 해석 넓 늘어나 제약 말씀 셈 빨리 잖아 매년 위반 48 매입 경남 AI 시리즈 동물 55 쓴 선진 아울 웹 다소 권력 뜨 곤 털 만족 인프라 석유 그림 늦 약세 진입 ##환경 ##워크 세력 복합 괴 의회 ##아들 ##무리 국회의원 이메 캐릭 연계 처벌 41 부회장 뒷 ##om 소송 끊 ##터리 이메일 훈련 셋 다이 의식 3000 원장 유동 전일 출발 늘어 ##리오 보통 ##ed 빛 캐릭터 요소 선발 상위 쯤 모양 전해 방지 심각 유입 ##학교 휘 i h 강원 유리 개념 특수 사과 역량 밑 마치 범위 의지 롭 품질 급등 뱅 집행 한화 민족 마무리 브라 앉 기대감 가동 법률 기기 ᄍ 승인 작성 휴대 대중 떨어지 ##60 외환 실패 마찬 밝혀 별도 세트 정비 이탈 여야 가스 소유 베이 ##루션 시켰 세월 계기 마찬가지 수급 거래소 신경 ##70 ##가리 거기 44 획 오래 미디어 느낌 대학교 기계 근데 노인 근거 이용자 육성 ##il ##ac 완성 동의 똑같 파이 완료 태양 무기 본다 통상 YoY 당사 재단 수수료 므로 ##ol 그때 지키 촬 엄청 텔레 당하 ##ED 네트워크 셔 선언 청소년 시킬 유일 대변 주거 상향 기타 훨 합병 피해자 옮 PC 보안 쌓 꽃 똥 만기 엄마 열리 매일 지요 나요 기부 X 촬영 원자 자식 노래 밸 면적 ##공업 자녀 영어 ##항공 친환경 ##른다 벤처 겸 총장 모집 학습 된다는 연말 줄이 리스크 다운 아요 원칙 통일 파트 직장 49 제발 비즈 불리 자율 래 정리 ##ig 갈등 43 65 OO 구입 바뀌 나선 칭 쌍 봉사 토론 솔루션 정기 증거 불가 번호 이슈 커피 그래도 물질 선생 연구소 르 홍콩 이건 떠나 아름 아울러 ##BC 테크 하나님 계열사 달라 덜 국채 인권 y 배치 나섰 디스플레이 컴퓨 무대 인공 삭 ##ent 수석 맞춰 토지 냈 빠른 인생 ##스타 소통 OOO 실질 내리 훨씬 신천 이자 아침 느끼 전세 챙 메이 역대 점수 탄핵 패션 기아 예측 방역 도전 돌파 거래일 ##직원 나머 이래 흘 부장 종교 으려 강한 저작 융 허가 노선 객 전월 접수 늘어난 그린 혹은 교사 표시 나머지 CJ ##un 런 자치 골프 맺 거부 주력 천만 일으 농업 CE 주의 뿌 안타 옆 변호사 당장 사기 ##산물 조달 ##리카 에스 스러운 체육 블록 뮤 신천지 이내 ##구나 약속 자주 ##다가 아동 법무 46 교체 성능 59 그게 우승 렌 75 흡 축구 자는 고등 야당 듯이 실현 미세 판결 선호 47 봐야 량 조기 구역 ##st 부르 기구 특허 회계 여러분 표준 항상 백신 혼자 54 허용 굴 겨울 받아들 군사 축제 철저 부여 응답 성적 취득 당선 개편 봄 그리스 배터리 샤 배경 아프 침체 지사 트리 84 자회사 제조업 바란 꾸준 포기 대사 일상 ##요일 400 전남 예비 부대 ##피스 저축 ##매도 뭘 절반 초등 가계 수원 담보 근로자 처분 지상 원래 하늘 즈 하향 보조 지점 국방 옵 ᄍᄍ 돌아가 미친 단위 폐지 중간 다면서 블랙 개국 ##ation 부부 서민 경북 장소 쏟 선동 동반 만약 구간 컴퓨터 고급 수술 션 ##메라 유사 로봇 ##웨어 텀 ##ec 부과 인터뷰 알리 재미 중공업 나타내 ##총리 더라 농협 철도 졸업 ##am 내수 혁명 나올 고속 나무 이곳 공단 ##건설 2007 물류 어머니 미사 ##카드 의한 최선 공인 ᅲ 프레 비상 검색 아베 옛 권리 ##리지 옷 일어나 ##공사 실장 자랑 바꾸 상환 빚 멤 원전 누적 충격 급증 초과 로운 돼지 ##라스 짐 거주 ##ER 생기 내린 임직원 이란 플러스 불러 화재 소설 이랑 났 상호 포스코 둘러 통제 53 제재 증권사 ##20 논리 합리 58 법안 초반 겁니다 부지 화장품 안내 마리 불편 소폭 다수 발굴 실업 극복 수단 본사 ᄒᄒ 전투 스테 남편 \\_ 수정 개별 분리 150 상관 가상 카메라 재고 드리 빠져 연방 재료 아라 의심 조차 센서 품목 바다 ##널리 \\ 85 카페 취소 GS 64 아도 고정 ##OS 세기 움직임 56 벽 99 참고 줄어들 메시 입국 신세 여건 미리 신설 ##시다 아무리 결합 께서 임명 비즈니스 올려 족 득 비리 성격 ##학생 살아 이외 ##자기 v 넥 한계 앨 엑 텐데 차단 ##일보 학년 벨 철강 리더 ##리어 주간 도와 배출 걸쳐 공기 돕 ##어진 수용 운전 살펴보 임상 ##ur 엠 새롭 4000 면세 무시 투명 균형 ##CD 예약 칠 부인 수업 ᄉ ##니아 실천 전하 열심 급락 대만 ##ut 낼 mm 맞춤 멤버 미술 대폭 미만 슈퍼 모아 주행 괜 강제 굳 ##80 직업 맘 두산 대변인 IP 거든 ##티브 집회 선임 구분 당초 묘 57 필수 주말 인재 상업 위협 고통 는데요 생태 > 2021 짧 커지 키로 가슴 오프 아름다 방어 ##BS 달하 폰 ##닉스 w 노동자 전면 을지 이재 부처 임원 가입자 계산 ET 벗어나 선박 위주 원내 시가 에어 문학 가까이 ##ot 딜 나누 장점 일제 바닥 ##id 가리 검증 연출 진보 봐라 ##담회 이어질 62 도서 지자 제거 연준 국립 ##DP 독재 분류 적절 넷 이거 종료 알아 계좌 호조 걷 늘리 호주 지출 한데 국무 뻔 국내외 엔진 시티 전형 유니 학원 ##리트 여당 안보 수소 박사 입찰 2005 한국인 출범 km 실험 우주 끌어 신종 상회 텔레콤 팀장 긴급 간담회 원유 응원 진실 대리 떨어진 이른 기조 메시지 흑자 력 수립 600 가르 건데 마켓 197 저렴 유도 ##반도 가짜 61 유출 질환 할지 갤럭 메뉴 미사일 반복 양성 마시 갤럭시 주인공 갖추 주년 잊 독자 명령 과장 ##간다 CEO 부상 쥐 압력 취급 2006 개정안 야구 신속 판사 ##PI 총회 총재 전북 ##세대 ##케이션 ##웨이 헌법 95 는구나 정체 ##us 친일 ##조건 커뮤 점차 짱 떨어졌 찌 커뮤니 ##40 6000 교류 동원 전기차 대기 ##ad 절감 요리 화면 ##ul 시위 해운 타임 언어 대금 ##돼지 관세 주차 비난 평소 신호 클럽 ##iv 투기 즐길 선진국 뱅크 취약 이명 63 섹 첨단 선보이 지자체 와서 8000 종류 수지 고위 단독 킹 사법 전개 지연 무리 ##거래 김정은 가까운 몽 ##거운 갖춘 사실상 멋 실시간 위하 줄어 마쳤 들여 캠페인 깔 너희 한반도 판매량 택시 이행 무조건 페이스 장면 뷰 펼쳐 사유 재난 보험료 이탈리아 아내 In 비행 창조 ##먼지 쌀 부사 덕분 가전 관광객 물건 올렸 식사 민주주의 72 꾼 크기 페이 임시 인원 그걸 가맹 대단 ##PS 일시 실행 ##니어 취임 오랜 미세먼지 트렌 부실 가득 집값 대주 국장 후원 스타트 갑자기 ##MC 지시 기금 탁 ##고기 살인 편리 후반 ##10 위축 경상 성장세 사정 기울 라면서 에이 대하 66 2004 동향 건가 나타냈 핑 마트 어찌 경고 실수 개입 구글 이기 의도 신세계 중국인 ##ap ##로드 재개 ##우드 굉 진다 어쩌 화폐 흔들 추구 이뤄지 오피스 했었 포트 ##가스 주체 회견 평생 원가 계층 거짓말 ##리티 핀 개방 내렸 ##지능 ##op 파트너 전주 ##그룹 마저 거듭 부각 수치 예금 인공지능 소장 정규 서울대 강하 습니까 7000 취지 명예 보일 바란다 순환 분쟁 동아 비밀 아이템 밴 급격 ##NS 궁금 하고 세종 돌려 하락세 측정 관측 인민 가수 이론 즐기 뚜 빵 낳 한도 항목 ##레이드 ##TA 충남 의약 기소 조절 앙 태도 는다는 ##대표 개돼지 해야지 저장 이때 클라 건지 키우 자국 소방 IC 나중 거래량 자고 노무 맹 일까 굉장 점점 관점 | 상무 어라 소형 동부 EU 강의 촉구 주일 순매도 현황 통신사 직후 제고 풍부 배달 케어 이마트 결론 전원 반발 북미 면세점 군대 성향 주관 해요 동력 조용 서류 ##너스 잠재 춘 도착 한정 68 컨설 직전 닥 구현 국면 충전 압박 크리스 NH 중대 양호 고요 제정 정치인 나쁜 고양 연대 가시 저녁 변수 아예 투어 ##립니다 학부 레드 800 소프트웨어 횡 예전 도대 수혜 x 선도 120 경계 기아차 69 이틀 비전 마이크 재생 통해서 느껴 67 아닐 파일 죽음 활발 지지율 공약 노트 차관 데이 모임 떼 끼리 유형 훌 ##ay 부탁 재건 차익 츠 도대체 ##총액 시가총액 든지 기분 모니 맥주 선고 윈 부양 패널 파크 형식 충북 폭력 파워 클래 ##튜브 테마 ##플레이션 아웃 포장 73 형사 돼야 큐 상하 획득 레벨 광역 금감 심의 닭 예고 비트 급여 접촉 줘야 쏘 나눠 탄소 메모 점포 불가피 생긴 박스 74 77 배송 ##and 테이 사퇴 ##영상 제목 시세 대안 폭발 ##평균 채무 따뜻 벌이 천억 빗 포럼 기다리 질병 탑재 협의회 스위 지하철 ᄌ ##란드 할까 앨범 예수 답변 심판 달려 ##랍니다 당부 폐기 따로 196 치료제 ##ow 추석 연료 r 상공 스타트업 법무부 엔터 띄 타격 ##산업 ##이너 ##NG 매체 공화 상생 운행 용품 코드 머물 멍 섭 스페인 과세 스토리 우위 유기 시사 실력 테스트 할머니 소셜 부총리 내다 보급 인정받 죽이 ##직자 71 대주주 ##다면 저희 희생 ##일리 정지 교환 깜 이사장 문자 걸리 모여 ##어도 아이디어 부사장 촛 라운드 ##수기 ##ag 비서 적폐 가을 단어 증명 성분 동영상 없애 닷 ##ch 모니터 버렸 미군 문서 상징 수많 9000 동양 동네 냐고 철학 트렌드 당기 봐도 당분 던지 노출 2022 자사 아님 운송 의약품 하우스 바꿔 뿌리 상상 고소 ##성장 일어 비대 ##버스 그럴 싸움 협업 스탠 대가리 짜리 누군 물리 이젠 무능 잉 ##으니 는다고 완벽 총괄 풀이 정해 양국 자극 썼 GDP 과연 에요 한다며 태양광 ##키지 ##od 시중 700 휴대폰 여의 패키지 약간 으니까 76 깨끗 다리 관람 ##세요 쾌 게다가 음성 바라보 옵션 협정 들어오 오염 전지 향해 저지 임기 뛰어 패턴 몬 식당 법정 토착 고발 멈 증상 괜찮 $ 권한 촛불 눈물 마진 놀라 통하 간단 브라질 금속 컸 당분간 의존 공제 2003 수집 예요 지원금 원내대표 감시 동남 과도 ##90 컨설팅 담배 낭 건전 82 파괴 촉진 펜 키워 숲 ##나다 ᄂ 판정 듀 내세 연예 대법 발사 냄 적합 청문 덮 움직이 아름다운 보관 델 88 붕 로써 금감원 교육청 이중 페이스북 가공 그만큼 아르 ##으면 온도 98 ES 쟁 하이닉스 ##난다 숫 칸 건수 IM 단일 가속 회수 장사 근본 성인 햇 게시 월드컵 최적 78 ##정부 ##조합 해제 바른 ##바로 가졌 부서 최악 된다면 못해 자살 IB 자한 튀 연령 연락 ##im 목사 상가 화물 생겼 가로 ##em 현행 묵 베스트 한당 빙 ##비아 나아가 대처 랩 플랜 잠시 컬러 믹 경향 무선 경력 직무 고등학교 불만 ᅳᅳ 노사 고령 ##지어 보완 종이 데뷔 ##나마 긴장 탄생 도심 세부 개설 대외 맞추 관객 ##os 였으며 휴가 솔직 자영 공산당 자문 활약 김영 냐는 입지 편성 교과 오프라인 출장 끝나 시범 별로 ##로그 세우 롤 타이어 ᄀ 아이폰 스프 던데 치열 적정 SNS 세포 ##준다 물러 초대 캐나다 국당 매물 생존 원화 미니 들어갔 출마 엉 유튜브 격리 시내 St ##나무 이웃 닫 초청 수십 ##CC 의하 91 중동 명확 구만 실무 뛰어난 버전 훼 해졌 라이프 농가 실내 심화 건조 상한 기에 ##려야 복귀 조언 한국은행 ETF 뭔가 이스 멀티 썩 출전 파업 j of 계절 ᄃ 배제 원하 81 쇼핑몰 체크 핸 와이 심지어 챔 어제 ##ter 폐쇄 자영업 잇따 2002 녀 배상 즉시 기술력 여파 화제 왜구 접종 대행 눈길 모자 공략 낫 중개 진료 요건 부자 줄어든 ##ir 의결 바랍니다 도쿄 청장 논문 지난주 시선 징역 숫자 소매 인플레이션 블루 한심 편입 94 ##um 살리 대학생 79 ##아먹 당했 대상자 재건축 지도자 채택 기재 좁 정하 86 분노 97 증가세 중앙은행 양산 연휴 혼란 제휴 in 92 특화 모듈 최대한 수학 83 윤석 락 가맹점 노무현 발급 공헌 ##DI 주최 ##미터 주소 서버 갱 확률 방해 ##려서 ##주시 87 편안 젠 ##네시아 연수 협조 어려워 클라우드 격차 으므로 토대 메모리 기독 고도 파리 테러 ᄇ 金 감염증 목숨 확충 이명박 ##아지 당한 편의점 교통부 흥국 스러 창원 기지 찬성 복잡 96 퇴직 정식 거대 ##ct 그쳤 스피 스카 메르 발주 감성 올라가 ᄋ 그랬 배럴 집권 노후 ##가락 93 합격 중립 데일리 인도네시아 룸 성명 침해 증자 눈치 음료 부당 ##로스 내일 거든요 ᅲᅲ 와인 애니 유효 표정 한진 bp 어울 새벽 간다 나눔 원료 유엔 서초 청산 하회 아닙 아쉬 PB 헬스 조명 넌 ##DA 라서 엄청난 ##관리 구하 소중 tv 구제 헛 쏠 금호 대답 단속 강원도 일대 증대 구청 제어 평등 해상 천연 집안 < 빠지 나설 그간 박정 무려 입학 타워 플래 재정부 동료 전라도 융합 ##ce 여의도 개성 국세 샌 왼 사안 브리 천안 충족 부끄 펼치 그나마 출판 어떠 선보인다 라이브 푸드 PER 89 ##머스 09 고서 국산 중기 황교 입법 ##폴리오 포트폴리오 알려져 청문회 ##런스 의류 주사 끈 전공 면접 적어도 250 여유 도서관 명품 정원 기도 LCD 벌써 자전 영양 떨어져 투쟁 무서 전해졌 가이드 납부 용기 ##테크 밸류 분할 01 03 중도 그저 ##고리 월급 묶 적립 ##포르 ##다른 증정 옹 알려진 이성 주당 공포 난리 권고 웃음 문의 ##파이 납품 ##IS 용인 연습 아프리카 스크 발전소 취하 반성 ##Wh 조심 GM 다녀 훼손 무상 한미 착용 동맹 ##igh 시너지 기후 못할 지휘 ##도로 최소한 맞이 섬유 ##우디 ##수수 남부 제주도 둘째 간편 남녀 발휘 KBS 공학 중구 포항 출입 ##이즈 골드 선사 당첨 틱 곳곳 스트레스 기독교 광장 이른바 날씨 다행 사무실 고개 해진 선전 두드 ##가포르 싱가포르 민감 차세대 복수 최신 편집 한마 ##bs 한나라 강도 한나라당 방사 정밀 아트 멸 사내 국고 콩 꼼 차질 건립 상용 동생 세미 ##oc 통보 경로 양심 떡 올린 가만 ##말로 우리나라 194 높여 느낄 진심 밴드 공천 ##LED LED sk 고유 달창 the 애널리 만난 아빠 센서스 의문 소수 기온 청원 민원 각국 내외 사회주의 싸우 표주 신탁 오리 노하 시트 자꾸 모터 기상 장난 늘어날 시공 떠오 ##경원 색상 꽤 위탁 태국 학과 거론 컵 프레임 소화 무게 진화 저항 캠프 세워 옳 모색 장학 연봉 195 증설 흡수 산하 공동체 순수 ##라리 출하 접속 미칠 램 출자 정착 허위 땐 신임 두려 애초 초점 900 감축 뚜렷 생산량 훌륭 끄 ##체인 공통 이노 시급 김치 밟 MS 홀딩 연주 봅 라니 로드 작전 소요 자전거 영향력 인용 서부 개시 웅 선보였 됐으며 ##뉴스 지위 모으 유발 대북 ##물관 ##다니 페이지 상처 종사 소녀 이어졌 놀이 신선 보낸 돌리 KOS 극대 중고 강사 주기 모드 그건 ##려고 ##단지 신체 ##러리 ##ew 매니 피하 개막 겹 상식 어려울 문제점 한마디 더블 옮겨 이루어지 현안 동남아 연관 도약 부위 그러면 하드 농촌 박람 입증 성남 고생 당일 유저 고기 개소 명단 애널리스트 사모 중반 늘어났 입력 노하우 호소 유로존 블록체인 ##서트 정유 버린 운전자 ##ia 부드 ##져야 대장 웰 취재 ##화문 보냈 그러니까 영원 ##RA 최우 워크 신분 파견 누군가 엇 흉 엑스 보조금 멕 턴 우한 원자재 개장 냄새 내다봤 커뮤니티 사원 드라이 당해 치킨 줄여 보인 낮추 발매 비례 ##제품 수리 Z ##EC 박물관 시원 만주 홀딩스 원리 진흥 동참 돋 스페 lg 장착 백만 오피스텔 추경 호흡 선행 리얼 나경원 명회 ##워서 덩 망하 이라 군인 참가자 저자 전무 한지 랜드 숙박 개통 ##금리 핫 갈수록 챔피 ##시오 회사채 대학원 신라 감독원 공고 ##ip 연동 ##데이 ##TV 이민 뭉 녹색 억제 ##버그 다루 유아 톡 2001 칩 EC 공정위 경영자 닝 닷컴 웨이 소상 배정 유치원 결코 탄력 흘러 ##다수 그려 찾아가 사라지 대량 유공 몰려 사단 인류 홈런 02 고향 물품 박람회 만남 180 뮤지 ##소득 kWh ##리드 조세 전시회 은퇴 콘서트 연초 보스 부작 회전 윤리 전파 세탁 매달 유상 안심 약화 ##라지 출산 발달 식물 국민은행 규칙 수처 영웅 매수세 떠올 최순 장중 어차 학부모 달했 각자 프라 높였 자면 수시 ##으로 던가 강연 어차피 트위 고시 FO 이사회 ##지니어 ##리케이션 종가 강점 마법 팝 아기 면제 비디오 사업장 필리 킬 전장 캐피 들어서 IS ##est 소환 달러화 빌딩 실리 화려 도덕 린 한층 랄 시청자 대거 런던 삭제 중견 준공 지침 지진 의학 용역 거치 어쩔 ##ab 이걸 차기 청주 극장 ##시코 FTA 몰아 중점 단가 생겨 셰 수당 투수 ##레인 무너 인제 단장 광화문 체력 양상 } 대법원 한때 스튜 유학 전후 시상 학회 상임 ##스토 폴리 면역 제국 링크 마이너스 ##회의 사이버 정작 생물 이승 이리 지내 하여 들어간 합동 특검 스토어 신중 걸로 신약 승부 타입 기원 넘어가 ##TI 화성 메인 IMF 느라 원자력 세무 잖아요 가해 동결 설득 성폭 반전 달한다 픽 ##ity 아무런 그거 보복 연설 좋아 여지 해명 호남 드러나 ##에도 설문 결의 황교안 일환 수록 바람직 승진 연합회 항공기 단말 철수 오토 적발 단행 잠정 조항 난다 충돌 작동 앞장 나간 몰랐 110 여력 형제 매국 안팎 지향 전제 농산물 혹시 뒤집 덴 선제 붕괴 스케 세미나 ᅮ 돌입 착수 케이블 MBC 일자 드러내 영장 차리 대가 견인 ##뜨리 ##스티 부가 질서 캡 일각 실망 인치 Ch 건설사 벌금 밀리 평창 ##지사 첫째 조만 주위 신사 번역 용산 ##PG 회복세 쿠폰 경비 찰 차라리 대한항공 압도 수능 만화 국방부 바르 교육부 근처 수영 통장 영입 깊이 커버 경매 유행 세제 05 철회 바보 US 내달 선출 대다수 비하 후속 유공자 행보 ##로지 본질 틈 사형 트위터 멜 트레이 명절 운항 ##ess 수백 원활 파티 랭 삽 시인 전담 친일파 프랜 ##orm 프라이 끌어올 마크 항공사 쫓 스킬 군수 내내 ##메이션 탱 중순 감각 쇠 거두 ##모션 맛있 간접 택배 분열 굳이 댄 록 연예인 아무것 오름 암호 책임자 지닌 챙기 독점 드립니다 상품권 선두 ##렉스 조회 고문 이루어 온갖 리서 ##미널 싹 멕시코 가중 빠진 ##TE 프로모션 조만간 산정 조합원 드러났 일종 중학교 랜 中 겟 모른다 오바 학자 충청 구상 다섯 가깝 바리 수신 진술 소외 성장률 ##ver 신입 김포 여객 체인 고교 호재 엘리 동작 구리 변동성 CD 김종 시나 구요 리서치 부작용 끝내 가게 보존 간첩 배포 KOSPI 뷰티 태극 ##레이션 인테 당사자 신한은행 김성 130 ##ight 릴 참조 청사 어른 ##해서 부합 파이낸 섞 불매 FOMC 청정 서명 화이트 리조 ᄅ 허리 짝 레기 열린다 카지 호기 에겐 포털 테일 아카 아니면 오브 단축 타운 받아들이 경신 지나치 맑 센트 상대방 소위 시정 사망자 유연 포스 ##은이 쌍용 08 간부 여신 끝난 1990 연내 부활 NA 좌우 ##LS 합성 석탄 아닙니다 ##마스 흥미 열정 { 였으나 유력 도달 개척 치매 ##철수 이스라 적당 경주 연합뉴스 일으키 립 大 강남구 터미널 서구 라디오 행정부 앞둔 살아가 지능 ##르트 사드 용량 창의 건너 패스 그럼에도 일원 심장 는다면 시켜야 긴축 분산 ##og 개봉 1500 주류 하위 지대 득점 양식 인테리어 ##교육 다운로드 악재 주자 생성 담긴 공산주의 유망 들이 외치 종전 이스라엘 관찰 해질 ##러지 소년 진영 구단 입점 LNG 도구 수비 벌어 마르 도망 여서 끊임 프로세 스티 포스트 OLED 동해 세이 왼쪽 ##사고 편지 그램 에게서 리조트 맥스 장악 붉 마사 ##데이트 카지노 춤 업데이트 윤석열 양도 OE 김대 태평 감동 용도 중계 과잉 유전자 드림 애국 어깨 추적 나선다 돌아오 ##친다 변하 ##up 필리핀 쉬운 아냐 계정 신장 美 한은 임대료 재벌 자라 갖춰 ##머리 사물 뼈 ##메달 꿀 무장 포지 의뢰 샘 시계 뚫 지명 폭행 한글 모니터링 팽 멀리 한전 나스 명칭 경선 ##oy 너무나 MO 재판부 ##그레이드 업그레이드 심하 왜곡 출력 더러운 지니 걸어 과일 무식 옛날 산업단지 06 평택 착공 CC 환영 완공 ##디션 사무소 즉각 축하 주재 ##art 챔피언 확신 ##다보 이념 전사 배려 플라 구성원 재미있 유시 로스 재배 ##대문 이뤄졌 상속 LH 존중 냉장 올바 ##물산 몰라 마스터 플랜트 종로 다우 쪼 뜯 전방 삼성물산 샵 대결 학기 나름 북부 ##ob 차입 추첨 객관 프랜차 ##트리 ##ive 04 주차장 추출 실태 벼 자발 프랜차이즈 일방 만났 비록 소스 꺾 ##마자 재원 팅 조선일보 케이스 ##센트 비싸 반등 제보 프린 쾌적 부패 독특 우대 일관 민생 사우디 캔 박정희 미소 학술 정의당 쉐 위안부 그곳 무한 둘러싼 베이징 뜨거운 위성 표면 ##임금 고대 ##생활 ##퍼런스 국세청 입사 SM 읍 불쌍 플레이어 ##릭스 벌어지 ##들이 ##퍼스 편하 최상 반박 매주 핸드 튼 감옥 지켜보 열렸 먼지 복구 언제나 안철수 되돌 조각 입원 일치 ##코인 터키 거점 산출 저소득 ##bc 약관 지인 합작 여수 마침 ##TS 이정 펴 평양 AS 브리핑 늘려 알아보 오바마 스위스 엔지니어 ##PC 커머스 아메 따지 비트코인 범죄자 나타날 담당자 경영진 전역 플라스 용어 태풍 시나리오 이혼 제로 전송 아우 젤 리스트 궤 봅니다 지지자 사로 그치 선배 소득세 행진 2030 대해선 중소형 갚 ##마크 촌 패배 딴 마친 뮤직 사업비 늙 굿 회관 HD 수령 ##베이 비싼 포르 머니 피아 지불 CA 몰리 새해 휴식 인건 나쁘 쳐먹 ##ine 일반인 장식 가파 낚 저점 걸려 193 블로그 남기 연맹 미쳤 징계 만날 연평균 롱 감면 나타난 결승 스튜디오 앵 부리 분당 해체 가질 과목 견조 손상 이렇 반일 자제 증진 신화 위상 애니메이션 부재 월세 The 합류 열차 구도 이닝 똑같이 상인 유시민 어치 도내 유해 조화 억울 그래프 고지 공익 한가 에서부터 이럴 퓨 번지 차트 체포 나갔 송파 외형 나노 ##if 윌 습관 자아 다를 탈출 좃 마당 에다 ##ard 예외 190 산림 사령 타당 퀴 ##NA 오늘날 ##받침 클래스 파생 동월 흥행 창립 ##다리 세일 기생 자마자 콜라 딩 유용 ##TX 근접 연극 ##ug 복원 폐렴 조례 체육관 인건비 둥 초래 실정 될지 높일 역전 걸음 적응 비정 최저임금 우호 위생 출석 터치 로마 놔 대체로 쓰이 커졌 충당 오버 엄격 견해 ESG 발효 콤 ##소시 ##드로 ##ell 타자 교실 ##핵화 ##총장 살려 비핵화 넘겨 장학금 을까요 멍청 경찰서 지랄 Re ##ate 외식 리스 조리 스코 럭 겨우 ##스탄 벅 보증금 행장 라인업 창작 모았 추락 으려고 ##어리 ##바이 아닌데 명시 대대 플라스틱 장르 가끔 어야지 숭 cm 보전 ##권자 원금 기름 타이틀 트랙 뇌물 저렇게 걸린 톱 캘 ##IC 변신 고점 아닐까 소문 마주 정서 ##시장 뒷받침 젖 이주 싱글 막대 황금 마약 ECB 유가증권 지나가 느낀 합시다 신상 ##ers 토론회 곧바로 공중 종북 싼 내역 1980 낙폭 엿 등등 일찍 당당 운명 꺼내 반려 메이저 정은 ##th 람 경쟁사 인접 비행기 정통 ##러진 무관 환경부 ##RS 넘치 이슬 터지 유의 축산 연도 ##의자 악마 140 든다 선별 농민 신축 후기 오류 입시 애플리케이션 수렴 보험금 일어난 경기장 널 감지 손잡 상권 코어 십시오 문화재 버려 협박 급감 협동 ##ex 급속 페미 셔서 해수 RO 문죄 극단 공기업 kg 김경 널리 방위 신차 ##둥이 소지 공작 닮 kt 커질 오랫 캠퍼스 답답 07 미안 수산 경찰청 국적 드래 크림 매니저 잇따라 ##ak 워싱 장군 칭찬 갤러리 개소리 재계 ##로운 단말기 노리 흥원 겉 뻔뻔 해군 주석 ##연합 거절 192 겨냥 폭탄 들려 황제 원대 상실 챙겨 면허 용지 BM 즐거 SU 교과서 ##운용 ##ang 비정규 잔액 봇 간호 우유 스카이 아마존 민심 Qo 뮤지컬 부도 총액 테이블 헤드 법령 특유 비정규직 예능 평범 워낙 우파 종사자 리더십 ##테이너 여겨 원천 크루 세웠 주방 한번 남불 치솟 오를 성실 함유 포지션 조지 PBR 선보인 음주 ##트롤 블룸 ##ist 가방 태극기 상당수 나스닥 사인 SBS ##파크 밀려 전선 1999 넘어섰 조선족 춘천 신흥 창고 익숙 대국 시진 격려 게이 탑승 앞세 ##베이션 유닛 자산운용 내지 지리 1997 점진 ##문화 등락 ##아버지 전액 증여 ##하면 정성 QoQ 이노베이션 EPS 상자 무죄 SS 맞서 강릉 공업 어르 위대 오직 가난 넘기 연체 추억 표창 ##워드 ##수수색 교육감 압수수색 심한 모빌 비타 돋보 무릎 워싱턴 고전 향한 소모 이뤄질 컨테이너 농장 ##ore 박원 근대 오랫동안 合 추산 출근 미터 항만 대립 다름 누릴 소음 흰 표명 흐르 파라 관행 사로잡 ##MI 데리 실물 진로 과감 택지 이라크 신재 기저 st 김현 지도부 회피 CO 순서 외화 군요 내놨 몇몇 김해 1998 하이브 도민 사후 떠오르 키트 상사 태평양 왜냐 오른쪽 라이트 한강 ##슬라 노예 노동부 닛 띠 독서 존경 ##트로 넘어서 ##멘트 김동 파운드 어린이집 메르스 타인 유산 고가 불교 진상 짱깨 임무 패러 믹스 임신 섭취 160 충실 문구 정규직 빼앗 불거 커뮤니케이션 들어갈 그라 드론 고리 ##TO 이득 파이낸셜 오름세 코너 스크린 시진핑 선보일 재해 데려 고수 안타깝 어울리 사이클 시그 OP 손가락 은행장 업자 오해 의료진 곁 김태 깨문 룩 디자이너 추이 ##널드 침대 구청장 101 필름 해고 길이 비자 ##IA ##어났 양자 ##피아 규명 홀로 어르신 일본인 매월 전염 캐피탈 원주 ##셉트 으시 수천 안건 고조 쉴 ##ra 올바른 와중 ##디아 공직자 묘사 통증 강요 수송 공지 저하 re 부천 서비스업 필터 에어컨 ##바닥 횟 기법 ##이크 ##ov 남겨 빠졌 AP ##낸다 ##아리 주한 곽 일가 될까 쿼 걸렸 교섭 블룸버그 모른 덤 전라 쥬 ##스토랑 레스토랑 유료 호응 ##셔널 산업은행 영혼 병행 섹터 옹호 주유 플랫폼 때려 스웨 다각 ##져서 서해 버튼 무인 무섭 아티 가볍 급식 턱 기한 ##지수 스키 승객 구미 닿 승용 국무총리 ##ub ##all 토록 피고 삼성증권 줄일 실리콘 견제 불안감 맵 경유 부스 PE 191 허브 ##아치 ##CI 천지 게이트 남양 2023 ##스티벌 페스티벌 합쳐 임차 차장 표기 화장실 양사 보육 ##ue 깜짝 그날 휠 ##소시엄 컨소시엄 혼합 이수 도중 공화국 유전 축적 신발 메리 114 ##바지 ##IT 폐기물 인성 과열 지경 CS 빌려 보여준다 니다 ##산시 근육 유예 헤어 접목 명의 ##MA 총수 나와서 세운 쿨 양측 화력 고인 버티 쏟아 컨트롤 해방 국경 이뤄진 체감 헤지 쇄 마땅 예배 ##PA 곰 가사 멈추 자존 처먹 코트 멋진 붙여 화이 요원 며칠 리모 시달 부산시 력사 공주 ##ort 더군 배분 상금 통계청 강경 자이 요양 조종 낙찰 클린 내정 육아 게재 사냥 ##개발 명분 상해 수여 식민 메가 동북 만만 직장인 트럭 농림 시상식 기인 이겨 책정 느꼈 ##아내 믿음 누르 위로 FC 보합 우크 클릭 다스 영광 제네 올릴 발간 교역 이끄 ICT 메디 호전 단점 350 부적 짓거리 MB 모기 행태 고양이 약정 법인세 풍경 사이즈 ##운동 클래식 활력 수요자 핀테크 끊임없이 몫 점심 어리 가벼 맨날 보임 권위 시행령 태어나 계시 구독 저러 야외 고무 베이스 지부 앞장서 다가오 드릴 특혜 MOU 에코 비타민 접근성 거품 바뀐 백성 준수 보편 공직 젊은이 원고 IPO 양극 단백 하이브리드 마세요 테슬라 재능 욕심 우량 냉장고 당원 눌 ##르크 져야 문장 인턴 낯 약품 경제학 q 못한다 음식점 깎 고마 마일 AR 플로 갓 휩 전두 관리자 ##이도 도모 탕 원격 도발 박수 아끼 ##미지 ##투자 카운 ##나항공 채우 부추 아시아나항공 시킨다 발목 뛰어나 생계 혈액 ##온다 잠실 역세 감상 그리스도 고르 뛰어넘 ##데미 폭락 발명 객실 책임지 중부 작곡 Pro ##고속 슬로 용서 아이돌 무사 민국 살아남 아카데미 받아들여 동서 ##전력 헐 들어와 죄인 山 ##OC 밀어 되게 수면 모은 타임스 벌였 특이 Sh 험 아까 ##긴다 ##덜란드 네덜란드 ##기금 日 매국노 꼬라지 외면 아시 실용 인포 땀 액션 ##ark 육박 내비 약물 종시 무지 BU 죽여 화합 건의 역임 때리 우연 친절 담겨 이른다 한국어 저기 구름 혀 샷 소액 키움 줍 구호 학위 불량 해안 구원 팜 만일 공매도 켜 CP 신기 건설업 ##토리 독도 빨간 서양 손님 탈퇴 An 보단 일회 무산 빨라 스런 도둑 내려가 영화제 레저 메타 방영 국정원 불황 모범 소멸 종종 예산안 재차 ##평가 도널드 저질 부착 미술관 령 코인 진행할 이종 지법 특례 ##생명 크리스마스 처방 ##보드 강행 지주회사 무력 금강 합산 ##IG 관여 셋째 la 화상 자본주의 방치 쿠팡 리라 ##다란 푼 장수 속성 채워 아모 사무총장 신주 안타까 파산 하도 신앙 OECD ##밀리 김대중 살해 전당 콘셉트 우울 119 인문 시국 붙이 송금 잔고 거지 요금제 먹거리 창구 ##사스 ##경제 트래 휘발 ##ong 퍼시 단백질 응급 일산 여권 그러므로 ##플러스 모를 보좌 알파 수분 인텔 ##스키 필드 닉 논쟁 ##세포 ##노총 전산 외교부 승용차 사외 진주 수장 갖췄 에프 가려 귀국 전설 약국 ##ect ##언스 봉쇄 ##포구 연애 김용 심해 입구 손익 CN ##나이 생길 공조 추운 신동 중독 정한 제이 ##래도 ##ack 전두환 대목 웍 이슬람 ##케이 차려 ##징금 드러냈 노동조합 가요 걍 ##EA 롯데마트 ##bo KO 각오 ##탄소 중지 엇갈 회생 텍사스 김재 떠들 상세 낭비 ##블릿 보드 참사 오일 코치 치르 ##덱스 대지 신혼 소주 티켓 타령 떨어질 신인 ##유럽 ##어트 중복 감당 닦 좋아하 지목 씻 된다며 ##숭이 직면 증언 응답자 증인 지혜 가하 횟수 ##남도 계단 철거 소련 탁월 신부 어두 ##ns 잦 ##어버 감자 언젠 한쪽 원작 범행 수강 코오 공세 수출입 야간 원정 전수 매치 정신병 ##렉션 스님 맞물 그래야 항의 거친 도출 웃기 최우선 PD 그래픽 괴롭 마인 ##해야 ##ill SUV 성경 추후 로이터 무서운 남한 인가요 김일 자신감 동성 해지 회원국 옮기 풍력 ##포트 김진 기울이 모빌리티 꿈꾸 퍼시픽 인연 상단 건축물 ##리스트 감싸 녀석 굽 ##워하 한국전력 관할 조제 장려 코오롱 한우 태블릿 ##북도 컨텐츠 정제 ##수산 유권자 영구 교통사고 실효 서브 내보 일당 스펙 육군 LS 현물 선착 써야 어쨌 실점 105 튜 동구 ##더스 구멍 수년 백악 대륙 횡령 오가 TF 참으로 베네 벅스 to 안드로 막말 웬 위장 착한 기어 목포 동화 탈락 료 ##구요 솔로 유럽연합 창업자 vs 송도 소감 내게 거뒀 충성 and 주식회사 련 신학 응용 ##oT 의자 ##트라 ##ri 농구 일어났 단식 ##ud LTE 지검 재직 마디 판교 ##ant 김상 안양 그랜드 니깐 이놈 ##일랜드 ##요타 ##호텔 한참 착각 사양 SC ##av 룰 할아버지 장기간 청춘 호수 실종 납입 OS 음반 두기 광명 대강 장벽 ##FA 일보 색깔 딜러 푸르 줄기 하수 ##EX 자빠 ##hing Con 홈플러스 박차 영등 짚 원재 꼼꼼 한방 결심 ᄁ 골든 핑크 장례 yoy 뭔지 포괄 순천 향하 본점 실체 크리 ##지부 유진 유대 모이 병사 깔끔 아티스트 명목 학문 170 한류 앞선 깡 원재료 감수 관절 식량 동행 2500 극우 해진다 목록 ##운전 탄탄 1200 먹이 순차 위조 폭스 형상 남쪽 노총 출생 웹툰 세븐 강동 윈도 취향 기쁨 나아 대수 개발자 112 ##ure 입니까 몬스터 102 상원 아마도 ##시설 개그 ##one 레인 스페셜 워치 조속 지옥 人 ##센티브 인센티브 DS 아쉽 더러 검출 백악관 수호 별다른 증세 ##모비스 추종 현대모비스 곱 ᅮᅮ ELS 첫날 후배 가해자 진지 들어왔 미분 카테 인데요 스웨덴 오지 대우건설 이치 갱신 공모전 國 제조사 뉴딜 등기 ##pl 사흘 대림 환급 리츠 약자 온실 대구시 출구 ##단체 커다란 농단 왜냐하면 선교 위선 피로 금메달 대원 발광 민영 부양책 IoT 대놓 가르치 비서관 관람객 사명 ##ok 수험 ##조리 운수 ##먼트 중재 성수기 ##덩이 욕구 염두 후쿠 그야 혐오 2025 말레이 ##주얼 되찾 정무 김기 수습 메일 ##아웃 노트북 따위 관료 커플 놨 마라 더럽 실사 고맙 고집 스킨 현직 ##ice 수위 교보 경품 본래 매트 반환 당뇨 잠깐 배운 언니 붙잡 꼬리 서초구 기생충 아나 자격증 땜 보강 예선 외모 원숭이 고백 내장 양아치 화웨이 개헌 효성 적금 출국 윗 성우 저널 골라 유족 결산 1995 계급 짖 아무래도 앤드 미미 잠재력 이룬 연중 신용카드 깨달 자재 사격 멘토 종자 ##IP 웍스 만족도 BMW 펼쳤 일체 언론사 우편 개판 물러나 남용 정세 통지 망치 성폭행 메이크 Fed 씹 펄 사료 씨티 채소 흘리 골프장 잭 헛소리 으론 ᅵ 조짐 다변 BUY 상거래 인쇄 캘리 ##원장 환상 한두 문통 무용 이력 부스타 LA 어스 1970 치유 스틸 낙관 이재용 ##타인 농도 궁극 중시 고장 진전 DB 맞춘 명성 알바 방학 분담 기득 유인 미션 처장 이만 배신 무효 후손 꼴통 치즈 반사 연상 렌즈 이를 휘발유 인플 연세대 음원 기각 전경 접어들 광주시 교도 고구 들어선 르노 예의 ##스트라 한창 고사 ##소드 수명 림 ##시간 빠져나 피자 저리 선거법 제자 야지 바퀴 용이 뜬 ##아이 추모 소유자 우스 연이 VR 씌 골목 뺏 어우 성사 아쉬움 추측 토크 앞당 ##구역 ##번에 스쿨 해산 분배 그야말로 ##오스 긴밀 아스 세액 확고 남아 컬렉션 컨퍼런스 환매 취업자 ##시마 산다 ##ain ##per 배당금 쟁점 Un Com 친화 컷 Tr 걸릴 쳤 후회 확립 키즈 저소득층 가산 도래 프로세스 태어난 무너지 안드로이드 이영 중화 기상청 에피 양반 말레이시아 재발 카테고리 세입 北 문명 푸른 엔지니어링 전직 ##타운 들리 스파 낚시 입맛 아일랜드 ##봐야 자존심 협동조합 연인 ##공정 ##MO 드디어 소독 뱅킹 박지 동계 항소 재편 부딪 문정 BO 주유소 특별법 전교 키워드 ##ID 합법 일지 브레이 ##ND 업소 아가 이산 오빠 ##iz 정황 보인다고 사자 돼서 게시판 렉 싸이 안다 웨어 즐거움 권역 수상자 국어 오로지 야권 내주 비치 일부러 운임 면담 억지 1996 난민 병력 찢 필자 퍼센트 단기간 드래곤 인체 물어 아산 회의실 ##민주 ##und SD 똑똑 아닌지 깨닫 레버 즐겨 선착순 저조 ᄒᄒᄒ 사옥 ᄍᄍᄍ 정례 내릴 기업인 진리 사립 템 중형 ##매김 ##미디어 아시안 드루 자리매김 文 진학 ##지오 보낼 바란다고 신도 연일 찾아보 최다 부하 사라졌 살짝 한양 코미 날아 흔들리 북쪽 Al 하원 통치 여인 터널 발동 함부 세율 트레 이모 주부 구경 차종 흔적 앓 무렵 Co 강해 불렀 정점 선점 공짜 너스 헝 웃돌 EV 수산물 발의 빡 ##티나 샀 속하 약한 위해선 보여준 배후 훔 월간 나빠 썬 부근 상시 좌석 무주 ##처럼 열기 아픈 간주 강수 미쳐 그분 이어진 MA 보통주 ##ES 대리점 강간 미흡 곤란 햄 아메리카 끓 포착 ##ee 영남 미국인 공방 뛰어들 ##12 다이어트 치명 돌아섰 재현 ##퍼니 위법 영세 과징금 총생 캄 크로 미분양 식민지 밀집 사들 로직 아모레 박원순 시술 마냥 따져 최저치 ##교통 지냈 이루어진 바꿀 응시 아야지 사각 왠 크로스 시현 ##루미 똘 정산 ##ment 즐거운 내년도 ID 조립 열풍 아저 韓 대박 측근 108 부드러운 수확 레이저 자부 시멘트 ##어넣 준다고 잡지 씽 En 완만 상선 불공정 컴퍼니 달라지 선포 ##센터 김일성 그렇지만 우세 학력 방사능 그네 총생산 감소세 절대로 다채 교차 상표 장세 댄스 인형 바위 세련 ##여행 대략 무더 정수 인종 숨겨 아저씨 제철 흠 언젠가 넉 주파 명백 삼성그룹 강좌 인디 삭감 SA 절약 정경 머무 핏 중고차 이태 영토 손쉽 치우 침묵 ##조선 ##입니다 돌아왔 CG 점령 구동 아세 홍준 들어온 퇴출 짜증 영리 벤치 산책 깃 기대치 더만 베르 형편 사운드 그대 주어 수직 절실 당황 구별 단다 지역구 입금 ##35 공군 노릇 캘리포 공영 캘리포니아 ##러져 생생 흙 ##구리 포토 꾀 자국민 법조 발송 타결 언더 익스 항암 도매 도시락 줘라 둘러싸 기쁘 더욱이 으려는 자칫 수량 정면 ##구석 몽골 유한 융자 박영 팔리 이지 비스 ##io ##규모 심정 구비 로비 CB 더라고 동탄 펠 근원 당할 맡기 마침내 양보 날짜 대놓고 출하량 공백 소니 ##ff 신사업 거시 ##ass 트랜 실명 ##줌마 회동 패밀리 일행 치가 귀족 조약 성립 전문점 삐 ##박스 이재명 전술 시켜라 카이 상영 감추 115 피의자 ##제철 얼음 ##ie 홍준표 세수 도박 출처 배우자 시황 아리 ##릿수 구로 유관 디젤 아줌마 성형 반기 게임즈 대조 ##투스 브렉 교정 엮 교활 과천 저금리 어려웠 NC 집합 관장 편한 ##ust 러닝 대형주 트로 인천시 ##러졌 고부 은지 상정 드라이브 그레이 어떨 ##IM 맥락 우린 소비재 놓치 이례 유승 때로 즐겁 그릇 해킹 온실가스 토요일 브로 끌어내 양해 1994 셔야 만료 ##age ##저리 ##FC 결성 밝혀졌 낮춰 올레 생애 광산 어쩌면 환원 피고인 진동 신성 ##스턴 포도 사용자 기점 Val 일괄 과학자 벤츠 광역시 뒤늦 스터 메이크업 호가 하단 돌아온 성숙 ##걸이 끌려 연다 ##잡이 부끄럽 킨 교원 날개 자산관리 느그 ##외선 밸리 실수요 ##투자증권 소규모 주춤 처지 모형 파장 파주 외신 줘서 쑈 응모 최강 전적 개관 기부금 으신 학대 양쪽 과태 골자 카카오톡 줌 고려대 단단 Sp 말아먹 일으킨 찔 관광지 금년 가이드라인 반해 복무 선거구 대치 몰래 신년 등지 허락 남겼 ##먼스 전동 189 일어날 이집 BB 디바 과태료 러브 이집트 360 옐 sns 어쨌든 FA 글자 퀄 서식 변명 ##프레 정국 ##ib 농어 야기 호황 시카 놀라운 낸다 회로 죄다 당첨자 호평 참석자 걸까 변형 떠났 450 청탁 HS ##범죄 민중 느냐는 모인 에피소드 대여 일선 했으니 고의 저것 눈앞 획기 휴게 옴 수시로 렀 따라가 건국 랠 111 란다 가까워 워터 도청 군산 짙 우크라 바이든 현역 미용 사찰 ROE 킬로 퀘 ##크스 밀접 가이 내각 요약 민노총 숨기 광범 당선인 은가 조원 특위 목격 신작 재학 KA 전이 벨트 반납 일요일 이어져 소원 똑바로 퍼포 재활 이적 포드 퍼포먼스 신청서 인지도 경과 걸친 MC 관건 종로구 본선 일간 발판 가져가 관해 원조 GB FR 마인드 의외 자진 분포 ##거나 대세 u SDI 생일 끔 ##CO 피트 네티 건가요 ##영향 잣 에이스 계란 출동 제약사 벌어졌 기판 강서 의정부 당내 는군 104 붐 기운 운운 복제 로맨 103 회의소 승계 죄송 애정 주연 로고 출간 125 최후 무척 모시 Bu ##yst 조중 까다 간격 거세 한인 ##십자 산불 ##구니 불행 대두 벌레 민정 전철 영감 ##더니 피할 저감 짤 해법 고성 외환은행 ##저기 간사 배워 달콤 이라도 가벼운 대사관 붓 대내 ##엑스 ##ial 아닌가요 병역 성추 디스크 FI 여기저기 도우 가라 멀티미디어 여사 안성 단체장 송파구 둬 탱크 추격 부시 함부로 州 오스트 운반 조율 ##보험 권단 벌어진 미스트 핑계 ##비전 아랍 잎 풍성 간판 네티즌 준다는 이뤄지지 ##act 펌 대중교통 진중 ##거래위 공정거래위 고속도로 진작 의해서 실습 두루 클리 소진 이온 패스트 ##원회 ##관계 갑작 굶 왕국 240 뒀 ##end 던져 금요일 만성 압축 노르 ##금속 東 뉘 날리 고속도 테크놀 ##ast 버릴 유래 비해서 수색 막판 몰라도 laug ##eo 모금 검진 마비 ##내셔널 이래서 도지사 총력 기적 인터내셔널 미루 계약서 혈압 laughing 내세우 518 조장 ##본다 시리아 모건 사연 이순 ##둘러 조상 220 ##RAM 저거 주파수 소집 성추행 STX 천재 징수 녹음 랠리 체질 얇 난이도 약점 랭킹 현저 넘어선 떠난 본회의 무언 전신 모기지 줄줄 욕망 광범위 우회 버린다 잘라 바이어 안경 ##마토 도보 포켓 토스 시비 못지 물려 단원 상관없이 ##전지 상주 구라 정정 지주사 ##다임 ##벌이 늘릴 기증 패러다임 티비 106 아픔 방한 사법부 하여금 바디 ##년단 찬양 파이프 법제 리콜 유세 기차 ##꺼번에 한꺼번에 헬기 ##제당 숙소 바둑 제일제당 별개 ##게임 샌드 넥센 호구 으라고 하드웨어 ##전기 니스 교황 대개 등판 페어 효력 안마 밭 열릴 남동 성동 앞세워 보행 내려오 선호도 WTI 라스 아름답 접하 정화 ai 내구 ##uation 광양 유선 헌신 ##연구 경위 범인 방문객 ##업자 노벨 for 자릿수 지낸 ##서리 바쁜 드린 중산 ##탄소년단 농사 방탄소년단 Cl ##바다 파격 탄압 무단 경보 여주 스피커 인격 다룬 폴란드 환승 모래 초등학생 닌 닥터 전작 WS 주총 한동안 로그 두려움 차입금 갈라 으라 이분 시신 공격력 극심 it 인덱스 ##광역 ##에이 어릴 AA 오리지 고추 정말로 달할 외곽 드레스 우드 인과 의상 아이스 돌아다니 시체 ##ick 갇 ##ᄏᄏ 틴 ##MS 임의 증액 로즈 동대문 보건복 알고리 대항 ##행위 바꾼 크루즈 유죄 알루미 ##랑이 꽂 시흥 도저 노란 계신 ##아나 AT 109 ##톨릭 나뉘 어이 ##ry 영동 리뷰 ##버트 권익 ##질랜드 뉴질랜드 출고 혈세 시한 ##본부 나베 ##버리 매번 성폭력 매진 켄 구석 액세 ##풀이 굵 경관 ##보합 금방 심상 가문 의존도 보입니다 출원 통행 커진 업적 오디오 폭염 리버 ##청사 미달 전격 다중 영위 우정 이윤 교장 공존 ##59 ##form 산학 ##ou ##매매 합계 해임 컨셉 Bl 고성장 재수 ##ear 거둔 이목 ##디스 시골 냉동 툴 지상파 어지 들어간다 약해 지났 오사 시일 ##타기 ##88 一 107 강북 사채 알고리즘 ##키스탄 ##가루 엄청나 동국 노동당 스페이스 미뤄 더군요 엑스포 코미디 ##컨대 유독 과실 리드 감염병 ##몬드 잠수 안방 결혼식 PMI ##와서 ##퀘어 유가족 ##릅니다 세탁기 네오 야생 자립 정교 해결책 kbs 폭넓 어둠 태어났 쿠키 산소 얽 뚝 ##IN 군부 SW 털어 돌아보 장인 ##월드 ##ood 사면 실증 ##드리 다지 성별 페르 어업 IBK 공판 방송사 현명 김병 명문 보건복지부 간호사 ##데스 서면 ##페이스 배수 견고 저렇 걸림 거라 법칙 연재 빈곤 나타난다 쓴다 면밀 머신 소극 전도 브루 분해 알루미늄 유포 전염병 외무 레버리지 폐업 오락 아크 삭스 저지른 잼 흡연 길래 여섯 개조 플래시 ##65 끈다 특강 성취 간섭 아가리 자매 동포 서기 1992 한경 온다 전경련 스테이트 ##사업 동북아 ##32 원회 드린다 ##스트리트 사주 퍼지 ##ech 김수 산지 실수요자 괴물 ##무기 김장 소용 데미지 새기 Pl ##기구 신비 ##ev 중증 한자 치러 미얀 어선 변환 퇴근 흑인 부드럽 감사원 미스 신생 문건 ##현실 바깥 보석 키움증권 관내 오스 DRAM 피스 올라오 역학 치아 월스트리트 초고 주저 불신 국비 목표치 쏟아지 아르헨 소각 레이스 이낙 고작 가죽 현대건설 결단 윤미 자위 ##집니다 으려면 오만 수성 초콜 정답 아르헨티나 텍스 일기 안산 니즈 치과 빌리 ##베이터 다짐 타점 원단 무제 가파른 해변 썸 체류 로직스 재화 CF 주공 고쳐 ##자원 1960 부담금 비유 댐 신념 미팅 지원자 짐승 캠핑 솜 주권 관심사 임대차 마구 미주 한숨 대역 권유 이길 여름철 ##ps 프라임 ##34 마사지 답니다 고품 분과 내면 북측 인명 해운대 해봐 시카고 ##느님 파고 패치 광복 늘렸 ##SI 성범죄 변이 조중동 결함 UN 이뤄지고 뻗 스피드 ##ance ##사이 마누 소금 ch 침략 미드 ##저우 포상 朴 해피 로켓 주먹 더구나 마산 후퇴 하느님 학계 드물 정신병자 개학 꺼져 ##지대 지형 줄어드 머물렀 미스터 명소 풀리 일회성 ##법인 첨가 시달리 ##ock ##19 표지 관계없이 오페 ##관위 계승 코엑스 주시 감염자 천국 발병 ##아라 됐으나 버거 ##차례 ##두르 스러워 모양새 면은 연비 128 발령 놓여 쫄 곡물 청정기 키스 천연가스 공로 사이비 덩어리 분량 동아리 명동 테크노 캐시 청렴 생산자 파란 나이트 해설 ##드라 ##광역시 도요타 디바이스 바지 ##고속도로 자빠졌 ##혜원 유감 모험 신영 고액 후진 지체 新 LPG 써서 종일 오너 쩝 1993 ##케미 갈아 미아 순익 투신 예탁 ##빨리 ##합니다 쏠리 웅진 ##ss 기념식 해외여행 프레스 스파이 애비 장성 ##테일 Ar 수료 서술 취미 납세 투데이 풋 비로 모순 상관없 ##ult 약하 증폭 보좌관 동쪽 리니 ##eg ##ind 뱀 ##qu ##렉트 ##바이트 육상 복용 이낙연 ᄆ 장갑 ##클로 판로 이딴 대국민 봐서 ##15 MP 추미 서쪽 남긴 기호 엄중 메이커 재밌 ##치기 정관 ##도어 잡혀 어두운 벡 정해진 한남 샐 기다려 안동 달린 오랜만 체납 ##천군 사이드 산단 버블 부를 ##든지 살균 독립운동 맛집 ##DB 출현 ##ign 보험업 ##셔리 럭셔리 복음 ##RO 배웠 박탈 봐요 대접 데모 메탈 필립 역설 이견 ##비드 저게 특파 감찰 추방 ##벤션 ##our ##RT 외국어 KTX NY 학업 자네 규격 생리 과시 목재 밑돌 근절 빛나 가르쳐 육체 ##스팅 정수기 ##가운 줄였 학살 으리 환산 1988 바쁘 활기 보호법 북구 펑 ##셔츠 강렬 전광 스퀘어 베어 DA 조업 이병 껍 환불 오리지널 루트 초콜릿 ##HO 등산 특파원 갑작스 알렸 창문 ##53 아름다움 ##ail 유류 적시 배틀 참모 일수록 컨벤션 무덤 三 ##제표 장단 고치 보건소 사라진 뒤지 재무제표 브라운 ##어날 시설물 ##케미칼 전임 재테크 ##높이 속속 ##75 아키 셜 보충 팁 피아노 누나 최대치 공감대 바닷 국영 ##놀이 230 유보 을수록 부른다 속한 무언가 조류 제치 비수기 ##스크림 DM ##하나 미얀마 그림자 쇼크 뷔 김학 ##74 일러 천주 전처 188 타이밍 ##셀러 동지 감기 랍 어째 옥수수 구두 항체 시공사 입주민 세입자 미개 변함 ##임스 WSJ ##학자 찾아내 팔아먹 ##크로 관념 UA 다녔 연산 조망 ##퇴근 ##TC 거제 南 1991 돋보이 제작진 텍스트 궤도 꽉 꾸며 얹 학년도 돌봄 혈관 전교조 ##러스터 가늠 사령관 대내외 리튬 삽입 내륙 성매매 골드만 ##DR 클로 이야말로 로열 테크놀로지 PF 다이아 망해 양질 진중권 꼼수 현대증권 벌인 수출액 할당 새겨 사죄 ##pp 트라 고양시 외출 아이디 미성 에버 예보 휴양 석사 우즈 구해 ##슬러 상한가 살림 초월 아이스크림 윤미향 입주자 한라 침몰 기성 소신 였을 김지 카르 위임 ##ens 클러스터 대용 토로 주머니 워킹 무난 실전 김민 열매 챌 경찰관 mbc 오페라 750 Ex 잉글 뜨겁 대충 앰 감산 가톨릭 경부 책상 넘쳐 IF Th 남구 발탁 엽 ##타르 FRB 연소 약식 사용량 끼치 1987 EB 국군 든든 짐작 화이팅 연임 원수 단절 공평 줄줄이 테라 화보 실버 ##자치 낡 ##pt ##러드 금품 효능 비극 대면 으러 사리 방산 질의 남미 전진 청취 윌리 ##ey IR 광부 유니클로 ##25 열악 ##18 BN 중심지 희생자 ##허가 시켜서 요새 ##에스 엎 com 펫 뻥 아깝 아사 듀얼 ##오프 귀하 JP 디즈 아세안 지문 원산 엘리베이터 소홀 출퇴근 경호 전락 킬로미터 이색 강구 직권 포르투 소나 1300 동종 지갑 안녕 ##36 운동장 성남시 벌여 세로 ##레이터 주역 수차례 양도세 거울 형평 액수 이뤘 사도 ##co 몹 기숙 겨울철 연패 마찰 권장 뽀 ##바람 양육 곡선 각지 욕먹 통신망 아연 개미 ##면적 웨딩 함정 호실 유무 치를 ##are 특가 여행객 광물 안착 날려 끌어올리 자유민주 태그 호르 사임 제임스 ##ge 톰 적대 섰 ##시험 섹스 취할 is 당선자 주름 자민 배울 시립 그칠 ##발전 이듬 화해 ##공항 ##LA PS 과다 ##31 OPEC 블라 225 문가 각광 하방 스란 밀착 스캔 터져 알코 유방 ##일으 걸맞 제동 핸드폰 조선업 다는데 까닭 ##다지 불러일으 베이비 초록 추미애 놀이터 음모 제압 텔레비전 별명 톡톡 그니까 보너스 마이클 法 전차 겹치 득표 증서 ##76 염려 환수 과반 현대제철 김정일 ##45 ##이치 금전 ##걸음 경사 스와 줍니다 성질 최장 진압 다크 수법 우체 탐구 118 침투 ##거래소 납치 ##저스 레딧 여행사 상쇄 ##바겐 1600 하우 장병 화두 Buy 더라고요 210 체중 ic 유적 FT 통로 子 정직 form 합니까 틀림 파급 ##오르 타깃 강자 ##플릭스 넷플릭스 ##쟁이 언스 악영향 폭스바겐 전셋 기장 ##키아 발라 사거리 조현 이원 모티브 위력 크레 가액 답했 모의 결과물 기체 이경 기하 빌라 교부 여가 해져 리터 수제 경연 주고 하도급 이듬해 불꽃 고등학생 귀여 DC 세균 열려 장마 삼국 진정한 116 하남 넥슨 다시피 가져오 걸림돌 On 물타기 장외 휴일 베를 볶 농심 SO 1800 수영장 수원시 살피 땡 독재자 모씨 기울여 제정신 ##니스트 오렌 음주운전 센트럴 하이트 폭로 ##존스 재판소 모자라 정시 품종 아웃도어 뱃 간신 종업 ##자재 ##신저 본토 민영화 ##저트 연승 연기금 한중 ##26 ##ans 독감 ##11 스톱 채팅 ##ber 유성 이뤄지는 서둘러 하얀 사막 끔찍 탐색 맙 수질 할수록 저지르 검정 영주 ##페이 모조리 넥스 발상 기동 초보 우아 무주택 ##적으로 아미 코노 부러 경색 딸기 국유 배추 끌어들 티셔츠 입소 중량 ##엘라 ##ide ##yr NHN 1400 드렸 틀린 수칙 거실 가축 입체 토끼 월평균 추위 수구 ##금융 성금 석방 아쉬운 브레이크 쟤 드러난 어떨까 둘러보 뽐 케이크 예컨대 연루 월요일 일조 비닐 쭉 특구 헨 CCTV 예년 135 DNA 외관 코레 ##유산 다우존스 흩 박성 탐사 영문 이송 ##GB 슬픔 출판사 핵무기 흥분 교도소 지장 보이스 눈높이 신조 두께 th 첩 낸드 발음 차선 Cap 합격자 절망 ##식간 pt 문정부 수납 하천 고령화 챌린 바꿨 군데 강아지 가져다 통일부 맞대 社 입술 지껄 막상 침입 수목 아이콘 모리 변호인 썰 눈빛 윈도우 ᅢ 아니하 왕자 노스 다큐 구사 데이트 식이 ##HD 쳐다보 크라 동문 시속 농축 ##old 관망 담합 나눈 일련 여타 ##ula 판타 홍어 스프링 1989 비결 참전 발레 수거 ##17 선명 타협 음식료 분자 냉각 동조 다닌 저해 마력 농어촌 연료전지 라기 오렌지 자책 경상도 AM 시야 롬 승강 독려 통신부 경감 라운 양념 ##28 방출 시끄 퇴진 선관위 존나 슬라이 과자 일으켰 ##수산부 북괴 달라진 각별 ##블리 입자 디저트 ##운서 매칭 ##그라 워크숍 서방 대구경 손혜원 교재 주둥 실업자 진도 ##48 CU 해선 죽인 김제 종업원 집착 의제 내밀 아나운서 민자 지성 배급 ##베이스 자유민주주의 사이언스 ##라이트 삼진 수련 천하 스테이지 다닐 쉼 노원 에디션 ##거지 국책 등록금 지우 KE 동성애 前 오사카 난방 매립 ##협회 소아 HP 박상 ##ork 상부 기업가 요법 의결권 모욕 쩝쩝 ##23 군민 갭 TS 떠올랐 상점 향기 눌러 공문 de 상하이 천문 순식간 이인 예술가 ##ical 관중 휴직 전셋값 처한 팍 자본금 ##패드 스코어 기세 호흡기 종식 국감 튼튼 對 표본 암살 팟 con 악기 한시 sh 3500 ##64 도어 ##느리 ##ace 맞물려 증후 이스트 금강산 New 일일 주상 제작사 의대 제네시스 유물 조롱 만세 물고기 메신저 리뉴 국제공항 ##ik 릭 자유당 ##로우 유혹 ##79 강국 이룰 시드 ##어내 공소 꺼리 임차인 내걸 선수단 물결 시마 스승 포르투갈 직영 ##72 비로소 대검 펼칠 그만두 그다지 소식통 토토 동반성 앵커 이쪽 ##어져 감방 파인 전복 연안 바뀔 꼬집 올리브 지붕 오리온 ##니즘 떠올리 평일 산화 파탄 평면 열람 지켜야 종족 ##유예 식별 여고 ##배우 퍼스트 투여 우상 연구자 자택 지나친 동아시아 터진 스톡 베타 이산화 강변 ##티지 리포트 찾아볼 느냐고 ##39 우습 알뜰 ##ord ML 보컬 좌절 매직 마녀 부끄러 ##철도 채취 사라져 호기심 쿼터 캐주얼 넘겼 클린턴 이해찬 트레이드 故 ##위원회 마늘 무거운 선원 MD 딥 자르 찐 부수 Top 식구 특집 특권 방통 저주 간식 잃어버 비비 ##마켓 여왕 원형 기피 말라 주고받 재선 김연 신나 정립 ##센스 ##49 자수 유흥 수고 어리석 피크 취해 누굴 ##재단 밀러 ##커스 조선소 ##처분 ##옵니다 견본 ##광석 욱 모터스 렌탈 조카 일일이 가세 차등 만점 국외 ##OP 가파르 메달 멀쩡 ##ence 항구 샴 백제 잣대 보훈 ##토록 행운 ##44 한결 촉발 증후군 ##ly 관하 알렉 ##뜨렸 일본어 함량 실감 고로 비추 ᄊ 겐 논평 SP 증명서 종결 부끄러운 동선 헝가리 라임 FDA 점프 ##57 ##ax 할려고 충주 장미 파도 긴장감 아군 국악 손자 반짝 ##수엘라 등교 유틸 유틸리티 세션 나마 방면 그루 보물 마누라 댕 개개 낮췄 베네수엘라 장례식 이승만 CI 박종 벙 윌리엄 ##TT 개수 장부 로컬 파우 ##RI 대림산업 관제 ##41 단호 펀딩 ##란트 전투기 창원시 해양수산부 세라 중개사 악용 270 ##욕장 1950 홍삼 ##리즘 天 지킬 ##78 여대 통영 세단 일으켜 한식 찾아오 승차 ##BA 지배력 고구려 ##기에 프렌 발악 가드 로드맵 죽일 슬로건 불참 ##68 PP ##ile 탈당 도리 냅 솟 ##95 시연 연면적 대인 320 월가 역동 II 훌쩍 퀸 왈 미수 일평균 Pr 사각지대 정했 후임 온천 웃도 단편 스미 pc 승점 수월 ##근무 330 던졌 생선 im 부유 ##까요 해경 마드 ##지르 제품군 1100 알코올 ##42 임용 가전제품 논술 ##던스 ##삼성 이대로 설사 엔딩 잔치 이용객 ##보증 이어서 셰프 홍수 우리투자증권 제주항공 대피 잔여 내국 인자 복권 공통점 상수 반란 kb 신뢰도 투자가 성당 큰일 오션 주전 알레 전량 우체국 그놈 멤버십 어음 대손 길거리 탔 씽크 멘탈 신청자 탐방 으셨 십자 봉사자 WTO 냥 드립 펼쳐지 시뮬 해봐라 코팅 서프 Ind 김경수 돌아갈 볼넷 ##38 브로드 ##37 AC 승무원 시집 맘대로 재인 하나하나 ##스레 르노삼성 ##ix 납득 향수 복사 차주 ##uc Gl ##코드 내려놓 은혜 포스터 베를린 급성장 단정 대구경북 십니까 정몽 sp 랜드마크 키웠 ##67 서점 닥치 케미 멸망 앞뒤 파트너십 개량 ##tern 박살 십니다 임종 ##세이 놀랐 다름없 스트리 ##야마 ##걸리 코코 들여다보 넓혀 일곱 ##부리 달랐 달라질 끊이 ##ire 내재 ##가치 분사 인조 유재 비관 덱 어마 망신 280 호르몬 교대 장거리 카톡 ##리안 ##16 아부 숍 formula 역외 설계사 포용 거주자 밀리미터 중국어 공표 260 맡겨 부평 내림 천사 예쁜 편견 Bo 몰렸 부풀 놀랍 마음대로 ##일러 통운 나흘 포부 농지 게시물 ##듭니다 ##24 ##조사 국익 ##병대 정년 국산화 로보 손꼽 재킷 대명 차명 싸워 캐리 ##13 김형 2024 계곡 막걸리 상의 간소 ##ase 통산 어워드 선대 이루어져 예매 신원 ##54 ##라이즈 가처분 ##쳐서 추출물 으세요 독보 양파 on 본다면 고는 표적 락할 자부심 싣 ##팩트 궁금증 동호 애기 연쇄 구조물 염증 ##크리트 ##벌레 옥션 리니지 귀신 조경 마라톤 미성년 희귀 산재 재택 샘플 지르 익명 피곤 살아나 이어진다 돼지고기 자외선 이순신 급변 기업체 ##든가 되살 한눈 캄보 장교 져서 아울렛 백인 디즈니 ##동강 바치 무작 총기 부친 피우 떨어진다 법규 ##92 道 매개 퇴임 망가 650 내보내 영하 평론 캐스팅 가라앉 ##arg 개체 벨기에 이해관계 김승 소망 마포구 생긴다 행사장 550 오스트리아 공연장 모토 방송국 새우 거래법 ##출산 트윈 아르바이트 콘크리트 체크카드 아닙니까 하청 가뭄 ##14 安 차분 배기 ##IST 생활비 ##ung 대리인 구인 니까요 쿡 유비 저성장 담겼 견디 파기 ##PU 금고 ##그리 휩싸 뉴타운 공구 마루 생체 주어진 작중 키운 국수 경인 앗 엉뚱 든가 자치구 어긋 ##ET 작정 이식 좀처럼 덴마크 사설 이마 잉여 ##21 환기 기숙사 왕조 ##프리카 지정학 나타낸 ##te ##르기 그런지 배임 ##테이션 노르웨이 지소 캄보디아 넷마 어로 입수 들어올 지네 표결 내다보 임박 넷마블 관통 의료비 후원금 경제성장 제사 ##ld 동상 고고 셀프 도장 실은 발길 켈 대법관 ##라이언 좆 닛케이 트래픽 당진 다각화 계약금 폭동 부위원장 ##82 학사 보상금 장난감 떳 럼 혼인 괴리 시군 ##백화점 뺀 상고 데스크 밀도 기일 원동 달아 자질 잇달 잉글랜드 쫌 게스트 ##62 ##anc 우산 ##타이 팬데 다던 Pre 급하 동남아시아 인플레 POS ##69 중공 쏴 전시관 ##와이 1900 ##이자 ##주의자 교인 MSCI ##추어 목동 쌓여 탐지 대입 리아 수반 취한 리치 ##enter 속이 ##ON JT ##63 경직 나간다 BC pro 인삼 대표단 지켰 스리 유기농 킥 풍속 예쁘 날카 삼각 낙하 하트 수평 민관 증권가 속해 경영학 ##77 설마 편법 동질 탈모 좌익 갑니다 숨진 관악 ##터카 돌아갔 KIA 렌터카 본연 임상시험 전가 스틱 훈장 동방 ##mer 고품질 후쿠시마 ##사리 ##int 가리키 면모 반포 사제 민사 감리 ##27 ##국적 퀴즈 오세 서프라이즈 ##두리 Valuation 유승민 푸르지오 중남 공법 365 高 카라 녹화 졸라 퀘스트 레오 고립 그지 ##GA 성과급 뜰 구장 ##포터 했어 CM 프리미어 제의 ##실험 ##란시스 큐브 각성 꽁 원본 간절 정동 ##보기 주둔 정전 이나마 저출산 ##통일 은폐 ##노스 화살 태권 매크로 유수 TP 공론 ##71 ##예금 공청 금융업 ##기부 스위치 소명 가져올 정액 특약 ##네스 대권 출제 ##연대 그쪽 돌아서 은평 사직 ##33 어딘 ##se ##현진 불명 ##티스 천장 텐트 평형 ##다드 챌린지 받아들일 PA 걸레 느낀다 계획서 생각나 GA ##61 우울증 부추기 각기 원심 속초 잔인 농담 광학 ##렌트 이준 꼰 합치 스탠더 ##ational 로또 ##거렸 뽕 미네 기종 ##통화 보리 ##ith 합당 삼성전기 집행유예 언론인 우기 순조 총무 ##손실 나눌 실린 ##루스 선조 비춰 루이 ##ph ##노이 全 카트 ##ft 왕복 ##ond 내세워 높인 ##모토 하긴 말리 당정 수동 ml 안겨 스탠더드 너지 국지 스탠리 캐피털 일몰 축사 ##병원 주입 애매 돔 ##able 인출 회화 할리 억압 주범 쇄신 엘리트 ##43 ##같이 데이터베이스 패드 움직일 몰락 존재감 다툼 ##공단 됬 액티브 우월 ##99 안쪽 광교 열쇠 기둥 중년 구할 데스 직구 들어설 는구 흐린 비아 모호 푹 띈 대왕 황당 줄곧 ##ian 하버 공채 ##ies ##레나 수탁 전한 ap 트레이딩 스텝 발열 직결 부의 주무 국한 관세청 쓸데 렉스 치밀 행성 다가가 ex ##LL 금연 실상 머릿 플래그 주축 습득 넉넉 당뇨병 보류 사생활 빈도 대유 4500 조이 쟁이 젓 피싱 ##미안 ##73 헌재 HM 돼요 원리금 타율 려다 개개인 다니엘 언덕 삼성생명 학점 ##안전 첼 화질 바나 치안 VIP 안타까운 려나 보금 보금자리 각도 선보여 ##부인 강당 파동 균형발전 야마 시어 Cop 소자 빠질 다이아몬드 검거 다국적 롯데월드 척추 돌보 신자 ##47 박용 전례 구매자 아바 거듭나 영등포 햇살 제법 설탕 유니폼 급등세 해온 중진 불어넣 대성 가루 원산지 사지 키울 한겨 로버트 이화 관련자 버그 경마 증강 엉망 음식물 ##수증 정류 구직 미생 피터 번영 가이던스 오케 하한 함수 목욕 교훈 전성 콜라보 프로세서 셔츠 ##아라비아 ##차익 먹여 사우디아라비아 삼성카드 PR 액세서리 려던 드라이버 울트라 필지 존슨 절상 ##85 슈팅 호랑이 구형 ##iew 서장 성원 홍성 입대 부른 유정 LIG 능동 ##석희 역겹 가솔 순손실 꿰 ##천구 자란 내정자 어이없 ##46 하부 ᄎ ##ystem 볼거리 까진 해치 바로잡 ##ost 트랜스 핵실험 기뻐 김선 섬세 겁니까 올라갈 들으면 행하 밀레 강판 되풀이 개동 밸런스 SKT 건네 당국자 폭풍 ##91 ##동생 강성 學 거둘 공신 성희 잔뜩 1986 절벽 늑 레시 장내 샤워 거액 밍 DJ 베리 냉정 겁나 인허가 신세계백화점 정복 스태 De 종부 할부 아이파크 ##66 쑤 달렸 가칭 탭 강서구 경희 당과 속보 색다른 세법 모였 리듬 쇠고기 달라졌 ##베리 본관 해수부 전매 판문 두려워 임진 등재 z 와이파이 지각 중앙일보 ##경기 그해 GE 토목 플라자 양수 NF 자정 세뇌 인척 갯 ##94 브라우 그라운드 심포 후지 분식 CES IFRS 공모주 대란 쑥 아이패드 이끈 수협 탈세 죽창 밀양 분단 돌아와 반지 달해 ##ory 꼽혔 머물러 ##22 칼럼 스트라이 불린다 알림 모스크 직선 틸 재산세 빠져나가 빈번 전대 쎄 ##퇴직 돌렸 ##잖아 ##ics 이현 펌프 아우르 가담 이완 ##다이스 랴 세이브 대교 ##ank ##arket 표출 ##의사 만회 경협 에드 123 못지않 달래 리어 편향 ##56 로맨스 가솔린 Br 걸어서 정형 포천 맥도 대출금 공무 품안 파라다이스 늠 칠레 ##98 안중 뻘 결실 일명 세정 기미 온스 은근 하여간 프린터 이루어질 나주 도미 일감 헤이 화소 AD 세분 KDB 토리 필라 주어지 해준다 113 선장 엄정 고래 계수 연고 중남미 sbs ##텍스 우선주 찜 베이시스 선세 종속 포크 서대문 이만희 ##어붙 콕 라운지 패거리 할까요 사역 낙동강 ##통화기금 아마추어 내세운 옮겼 SH 마포 김준 토막 Sc 저서 원한다 버려야 국제통화기금 의석 청량 빔 KR 중도금 남양주 正 ##게요 아우디 KCC 세전 ##싸움 가져야 cj ##란시스코 규범 ##특별 ##하여 군단 장터 전재 멈춰 의정 미쓰 ##테르 결승전 백두 복지부 관리비 풍선 ##VD 억지로 보태 보람 거꾸 교양 CPI 인터페이스 죽였 위키 양대 기다렸 뒤따 핀란드 올라왔 ##ual 파손 훗 텅 1700 울리 써라 ##내리 윙 엣 데이비드 ##권력 DL 창피 王 공청회 녹지 플레이오프 횡단 해수욕장 고난 일본군 법대 기르 요시 ##부르크 호조세 대동 트리플 ##OL 벗어난 판문점 비축 ##타임 공룡 근린 온전 이진 니트 카스 MW 뛴 소름 당은 더운 집니다 의의 나눴 Ad 휴업 시크 최상위 ##83 늘어난다 슬림 ##그릇 반미 무형 ##ome He 환전 누리꾼 1985 태세 제지 오디션 싱크 ##틸렌 크다 예언 특기 ##바바 공안 어학 오른다 판타지 느니 늘린 해역 뇬 얀 이창 無 차려라 민속 숙제 서경 성령 안주 사교육 보정 ##55 고심 지극 품격 上 안개 퍼져 잇따르 빤 합창 엉덩이 만장 ##겨운 ##ah 이석 휩쓸 허구 숏 카타르 게끔 쌓이 어서다 용산구 문체 반찬 이단 기술원 사은 방사선 채무자 ##래프트 망할 동반자 된장 컴백 꾸려 닐 포스코건설 중장 NAND 테라스 누워 편식 무이자 레스 문단 기밀 ##모직 검역 성희롱 침수 국제선 제일모직 ##산업개발 상여 전시장 타수 손바닥 우익 남해 海 온통 줄기세포 미지 낀 ##we 배구 구직자 입문 매뉴 토마토 상임위 뭔데 에다가 ##erv 여도 양주 전극 개원 ##공원 올라갔 보답 ##96 볼트 코믹 빼돌 한솔 오케스트라 ##오드 김원 동급 122 ##lect 다물 ##외과 태우 레이더 제천 반격 듬 규탄 일러스트 ##따위 ##하이 거꾸로 성급 지방세 더라구요 ##북자 ##방울 영화관 ESS 워커 군주 딘 얼른 간다는 수감 보령 포켓몬 ##뜨린 위촉 여태 그릴 공대 쪼개 관사 ##ash 넘긴 근간 껴 ##ron 사령부 SPC 반경 오토바이 ##서울 작곡가 헬로 처형 ##레븐 유익 공수 슨 대본 本 IPTV 킴 캐슬 놓인 닛산 ##현동 중학생 ##곡동 슛 경량 떳떳 ##려면 ##ram TE EBIT 최우수 올라섰 ##부진 모음 ##네마 강호 부응 잠식 승자 정계 ##안군 공예 유착 에르 ##89 피드 용적 부임 체코 상속세 ##cc 식수 장자 시그널 펼쳐진다 제너 상무부 김광 ##진로 멘토링 최고가 ##sh 글씨 주어진다 서정 웬만 임하 중위 가치관 서열 동등 마일리지 프로그래 ##ath 톨 심층 왓 낯선 메리트 에라이 애인 입단 법학 보름 파스 생략 오마 팩토리 경쟁자 본드 나비 민선 비단 ##ach 입건 고금리 여정 철폐 현대산업개발 TH 폭격 부문장 입출 한파 적격 에듀 단과 대용량 세계관 나대 호감 렀다 배양 시아 파문 해리 공용 온몸 최태 판가 왕따 시동 장로 찬반 머릿속 만찬 ##yright 신문사 알리바바 이니 표창장 단서 ##ina 매뉴얼 암시 스왑 한복 접대 교직원 동굴 ##52 ##프리 재임 계통 테니스 샐러드 일으킬 스마 소울 공사비 ##기술 취득세 꿇 블로 고온 실세 의구 ##테나 레지 개표 테마파크 튀어나 장시간 본능 사소 CGV 안티 오죽 ##끼리 家 샤오 물체 부가가치 지령 후유 ##CE 띈다 귀찮 이체 욕실 지루 홍대 넷째 부적절 경전 팝업 FY 적성 UAE 제자리 ##년층 나불 법상 서초동 두각 ##진구 손보 117 잠수함 면치 항소심 ##무실 으리라 강대 발족 소서 가든 ##ite 법관 창단 아쿠 서귀 씨앗 첨부 ##라이나 장남 시뮬레이션 손목 인내 뜨거 스타일링 Copyright 농성 보라 ##uct tr 살린 ##인물 상업시설 사들이 등신 1984 사업단 ##바라 생태계 이건희 끝날 멋지 기리 ##SA 의구심 마그 돌이 ##감치 기다립니다 모던 ##ink ##찌감치 ##카르 자이언 흰색 나뉜 Ph 역점 무늬 SOC 마리아 ##소연 스노 수작 ##루엔 팰 염색 하여튼 접촉자 ##프란시스코 ##주군 샌프란시스코 감탄 키보드 ##58 로그인 박진 QE ##연구원 ##방송 휴게소 펙 or 망설 부의장 인문학 커녕 빕 복장 문턱 직격 피력 쿠데 좌표 택트 메카 ##ier 재심 켐 무궁 ##다운 짠 ##olog 지친 쌈 로우 ##투리 ASP ##어졌 쓰여 세르 노화 몸매 지회 스톤 공과 원피스 스트리밍 성서 승격 갈비 만지 ##az 남산 푸틴 JTBC 목요일 정태 的 權 앞당겨 옥상 에릭 액체 창당 왠지 ##날드 하이트진로 대웅 김창 낮춘 ##어마 친척 물자 ##바꿈 커서 각계 生 이브 댁 엘지 So ##클럽 한겨레 수요일 어휴 서귀포 올라온 이대 토종 사학 귀여운 가결 국물 역내 설레 ##51 현수 타선 봉투 면역력 위즈 천주교 강동구 겄 되돌아 돌연 북경 Kore 대마 더더 ##ary 기내 ##ime 얼리 성장주 툭 술집 보일러 소방서 조형 현대그룹 즉석 파월 두꺼 380 퇴직금 모션 청담 Fl 마우스 ##서스 심심 틀리 사은품 BG MV 문화유산 적혀 치료비 판매자 영등포구 금일 호출 리바 조그 ##ae ##통령 ##97 ##obal 가급 ##87 ##에이터 신곡 플란트 ##86 850 연차 침공 어플 상륙 쿠데타 양재 미생물 타이거 일수 철광석 어플리케이션 삼가 주둥이 ##인지 레시피 연평 진통 소시 위스키 수다 자비 고위급 레전 베드 ##29 물동 ##구멍 ##에어 본체 에디 무겁 블리 기준치 GTX 지역민 데일리안 ##ann ##착륙 징용 컴퓨팅 가령 말기 ##카락 누락 삼양 스티븐 ##속기 ##회계 창설 머리카락 성균 정통부 특급 ##듀서 고령자 프로듀서 神 증감 할인점 가즈 센스 성균관 KEB 꼰대 이즈 우리은행 성북 개도 가로막 압수 외상 121 지식인 미끄 ##들여 박지원 ##구정 WHO 기자재 ##84 씁 ##가르 ##ai ##무지 ##기사 거칠 약사 ##운트 살펴볼 일삼 포레 정문 로움 저격 로열티 보궐 볼륨 會 ##폴트 막내 추상 EBITDA 호환 빼놓 퀀 유나이 보습 루수 ##음료 롯데호텔 부속 토양 어마어마 ##ree 독창 이광 ##징어 극도 던전 ##ata 뿌려 ##동원 장모 막혀 김무 종양 국왕 네임 환호 막강 스케줄 안정세 회상 탈바꿈 던진 유나이티 라던 원동력 스트리트 정기예금 스터디 동경 후계 분수 모발 변했 미성년자 나치 BA 스테이 ##선스 eu 서적 훗날 위함 ##81 구먼 프레드 차체 내려와 압구정 ##사채 양평 ##야지 더위 통관 허물 지껄이 청소기 고충 콧 김희 가급적 공립 스러움 서원 나타낸다 사관 요한 1982 재질 용접 취재진 라이선스 모닝 리얼미터 ##MP 음향 벚 스팀 작물 절하 바짝 정우 플레이스 테이프 야채 Mo 발표회 동정 두드러졌 도주 고소득 마음껏 상반 쓰인다 범주 公 ##93 오산 진이 成 ##pr 디테일 빽 넘어설 드문 진공 사표 단연 탈취 No 취했 탈북자 울릉 탈피 여행자 ##어먹 긁 거둬 ##가족 처해 民 밥그릇 몰입 풍미 ##ower 파운드리 정자 플라이 ##턴트 시니어 ##러그 코스트 사용료 수익금 ##티아 기념관 우물 그런가 후보자 여담 울산시 유쾌 풀려 자궁 우려감 아무튼 교감 한발 법치 밸브 지점장 꾸미 껍질 항암제 라이벌 일찌감치 EL 통수 표방 세심 축복 항해 부결 확연 ##붙이 ##카라 인위 강점기 낙태 바스 모른다는 진한 뿜 증오 LP 루이스 ##어준 퉁 새삼 방북 니켈 박찬 평상 집사 전환사채 잡아 KS 아메리 ##우리 승소 느리 스러웠 사우 렌트 녹십자 입양 상습 백지 디폴트 ##orld 여학생 김주 ##멘터리 ##순환 차이점 ##결제 피치 욕설 종금 김어준 기량 머무르 적법 ##상부 륜 다투 벗어날 친해 증여세 ##밴드 남다른 실비 국도 판촉 맞벌이 끄덕 착취 들어선다 ##픽스 슈퍼마켓 함양 지켜봐야 ##yn 정선 포수 무분 사범 구제역 모여서 ##만금 미투 보잉 찌질 물동량 몰린 지칭 다큐멘터리 비대위 살아온 보살 성명서 평론가 점주 날아가 소품 PV 비틀 신형 낮출 더듬 존속 속출 안전성 드럼 자구 종신 ##는데 안전사고 모스크바 ##하루 특사 더더욱 대덕 鄭 소방관 팽팽 SE 은데요 요령 거북 레전드 1983 ##냉키 파헤 그리하여 통역 조종사 ##대교 ##고사 아랫 카자 오이 영종 초딩 ##여겨 Man 파리바 재택근무 등장인물 조문 IBM 바우 호의 초코 찾아온 ##뚜기 소나무 버섯 버냉키 폭등 월등 달걀 기관장 ##공개 거쳤 바나나 마신 ##나타 발맞 쏟아져 적립금 내려갔 전압 듭니다 학급 발걸음 에휴 다자 서산 친근 남측 노숙 조건부 또라이 127 ##ement 래미안 ##저가 위례 액화 파키스탄 명심 光 눈여겨 특색 새만금 터보 ##습기 파이프라인 산타 퀄리티 웰빙 카운터 깍 불거진 클리어 접점 ##베르 각서 아가씨 말투 ##시고 마술 산업재 중저가 up ##구장 웨스트 브라우저 디렉 ##eb 지름 국공 불쾌 보유자 ##ich 관문 성수 결집 고공 물음 평년 ##오리 장래 Go 강진 릴레이 직위 원두 Res ##릿지 신상품 깐 계약자 그랜 머스크 ##팡이 징후 얼어붙 산악 출점 동점 초저 출품 직속 MM ##킨다 기본법 텃 방과 김명 탄산 과대 ##der 겹쳐 교민 옐런 버디 USB 책임감 시차 후방 방대 124 그쳐 처하 내림세 랭크 올라서 어느새 낭만 발현 떠날 야심 숙련 340 본문 133 관해서 스테이크 시내버스 일까요 안락 임영 의거 발부 코카 KC 설득력 청주시 디아 주스 포로 흡입 산은 명명 가열 돌려주 재즈 유병 버프 습도 ##원지 ##루엔자 세인트 터졌 법무법인 식감 유화 事 차림 박재 시킴 자화 메드 컨디션 화석 어렸 어색 펼친다 다이오드 ##마니 대포 인플루엔자 상급 시책 문항 도마 성전 만기일 원망 선가 ##서울청사 정부서울청사 루타 중세 로선 세끼 사위 브레인 ##ys 기술자 스위트 정류장 곤두 드려 국판 行 변해 ##반대 한샘 의왕 간다고 블레이드 자생 밀렸 취항 풍요 손석희 평판 7500 주지 깡패 ##기야 잃어버린 알릴 소비세 고강 ##정원 사업체 금주 호스 함대 호반 델타 하버드 이관 프로토 기만 ##플렉스 항로 명복 희석 시위대 여행지 가르침 캡슐 ##ward 장애인 넨 공급량 ##타리 프로필 선방 ##port 장담 하와이 원안 바르셀 바르셀로나 주니어 ##지가 교주 램프 뚜껑 간직 더해 쓸모 출회 성도 스폰 오미 관리법 고종 화가 채권자 냐면 나옵니다 제반 왔으며 사방 ##게이션 내비게이션 팔렸 상존 ##살이 스티커 격상 여경 피지 기용 ##이나 현관 액정 개년 생물학 는구만 사라질 나르 위크 청계 EX 스티브 마나 튜버 라벨 용인시 엇갈리 챔피언십 스탠다드 ##방향 묘지 참치 이코 국무부 쉼터 교통안전 개신 하루빨리 옮긴 ##사태 치사 지지층 장애물 돌아올 막바지 촉매 ##pe 상이 리비아 POSCO 고스 유령 ##예산 지질 ##af 방패 동전 性 하노이 ##제과 농약 ##가상 ##위치 우라 원로 ##관광 남북한 ##소통 ##벨트 숨지 나타낼 돌아간다 의사소통 화이자 스윙 오징어 성찰 전념 트러 비준 불법행위 강수량 바꿔야 1979 132 어부 필두 京 패딩 매운 무디스 145 틀림없 보스턴 비웃 가져왔 겸손 강우 ##대가리 희소 ##지먼트 ##시티 아메리칸 미혼 개점 매니지먼트 악질 CNBC 공휴 롯데케미칼 하차 ##BI 마법사 저질렀 그레 콘퍼런스 훠 ##수지 ##ext 흘러나 이뤄져야 ##런트 믄 뱉 회귀 용사 김천 걸러 심혈 비료 사재 박주 두뇌 도우미 액면 주의자 ##일레븐 탄도 방화 트레이닝 알렉산 심리학 가상현실 방수 더라면 잔디 습격 정진 에이치 이케 향했 세븐일레븐 내성 식료 그친 뿔 고분 오라 ##US 댈 망한 지워 촉촉 식탁 맥도날드 平 유언 을려고 가면 예민 Be 섹시 구민 라틴 외인 수출국 부들 ##세데스 다시금 메르세데스 126 水 만전 행렬 세관 납세자 절제 일출 순회 웨이브 곤충 악취 전속 빌미 배부 성지 보트 심플 ##오카 용의자 ##유국 ##보이 수자원 기원전 금값 본회 사악 직종 소파 청년층 재래 회차 방송인 ##테랑 조폭 평창동 급한 남짓 라우 아토 생수 여동생 기습 후유증 베스트셀러 떠오른 RF 영수증 분비 삭발 ᄋᄋ 도봉 음악회 직격탄 이랜드 브이 상상력 원서 패권 셧 무자 국민카드 모터쇼 부담감 속한다 정조 집필 공자 놀란 더냐 CBS 철근 Tech 쪽팔 고위험 Le 비차익 말미 꾀하 돌려받 사업주 ##스틱 쏘나타 압류 者 최경 사마 발전기 공휴일 자유주의 義 거쳐야 포즈 커넥 이언 판도 자아냈 딱딱 증권거래소 놔두 잔류 태아 포화 내전 들어섰 원시 ##TN ##unt 원소 한정판 며느리 중개업 숨졌 전향 개그맨 대담 2400 소설가 휘둘 떴 드레 항공편 비평 회전율 우방 경상북도 접할 드로 1981 KTB 김유 유신 ##무라 ##암동 다치 KG 틈새 144 프론 총체 ##에르 ##남기 아이오 반감 두드러지 미시 등극 사육 ##브라 Gro 지오 챗 KDI 노골 농수 질주 안면 ##DC 코딩 가미 헷 망했 Comp 올레드 정준 서한 김윤 보호자 효소 국기 업로드 반문 백억 특보 영농 미칼 움직여 김문 클레 껀 ##isk 프레시 주된 스테이션 가점 츄 숨겨진 개막식 교통망 흔한 악수 벌리 저딴 화산 이점 연구회 너거 몰아내 수백만 AB ##퍼레이션 ##EN 출혈 kbo 갇혀 구한 반하 비방 ##커녕 대차 면상 블랙리스트 대미 애쓰 CR 다뤄 계획안 소형주 전단 직관 예견 들어도 이바지 다가왔 무안 손길 커스 메트로 다방 안테나 ##파이어 HDC 열흘 그늘 xx 바이올 깨지 접한 ##키나 코스프레 몰두 ##젤레스 al 950 현대인 높인다 달려가 AK ##성이 ##볶이 내세웠 긋 독거 ##태우 ##EV 나뉜다 목회 불거지 햇빛 블루투스 한화그룹 타석 연탄 떨어뜨리 루머 ##무소 귀한 플렉스 전문의 식료품 리빙 할리우드 ##ert 이은 교복 간혹 줘도 연수원 혼다 저놈 CPU 이겼 돌풍 수순 이데 무분별 5500 입소문 쫓겨 동아일보 밥상 낙하산 닉스 흐리 걸린다 라구 획기적으로 실거 임산 초미 감세 비주얼 후보지 지난번 페인트 싫어 부흥 필연 절단 SI 두드러 미처 미약 사사 자급 제원 쌍둥이 전라남도 백수 중추 강보합 니콜 테이퍼 양양 Gr 필기 내실 이스타 체온 부디 일리 App 글라스 페트 집중력 르네 토너 미르 290 노려 전월세 취직 ST 쿵 끼워 불화 브릿지 카자흐 동산 분주 낱 ##관리본부 공급자 차가운 남매 정주 공시지가 수중 후면 FIFA 세습 재경 본다고 가꾸 자책점 날뛰 ##일드 당대 고창 익산 ##공화 항생 권영 설교 지면 칭하 gs 인선 동창 싸울 도로공사 워크아웃 인피 실속 생필 155 좁혀 ##드라마 생필품 반입 nh 묵묵 플러그 찌르 고비 ##ital ##로움 목적지 ms 地 내신 스태프 선비 광우 완성도 김무성 슬픈 독립성 이뤄져 체인지 노래방 웃돈 모노 co 살릴 베테랑 재판관 레이트 반장 벚꽃 찾아왔 흉기 마블 메릴 콜롬 껄 ##도르 고덕 무더위 상여금 옵티 마실 브로드밴드 극본 ##tbc 건드리 스텔 시킨다는 부산은행 영재 질병관리본부 시전 순방 Wh 진해 꺼지 ##사관 지금껏 제소 투구 경희대 당근 가성 PEF 토트 2050 버려라 버터 사다리 리프 용병 사시 안전망 Sm 테마주 wh 일세 KBO 쉬워 두부 비철 선선 축산물 가격대 明 은하 2200 하계 신보 나와야 129 공범 너머 보사 김제동 타사 신지 쌩 삼성동 헌혈 화성시 개신교 롤러 척하 하필 ro 한다면서 노동력 루프 스무 줄인 상응 깔려 십자가 주거지 ##그러 한단 ##보증기금 수퍼 예치 오프닝 토니 CNN NIM 상류 쉰 쌓인 통학 열받 리베 약보합 아비 삿 초상 본성 송출 쟈 워너 ##기계 방문자 피난 정장 담임 저건 진에어 회식 사우스 유산균 필립스 Global 무고 유교 ##oll 웃긴 넘나 ##전선 교보생명 매트리스 그렸 순찰 문법 찬스 EN 심도 소공 일진 용납 번개 CH 625 이오 북방 하강 이시 ##ove 들여다 맞췄 ##tt 교단 슬롯 정오 불출 ##박이 후자 ##pg 여럿 홍남기 발렌 310 토탈 초음 통사 ##로리 화합물 상국 늦추 벌일 욕하 시초 나인 유머 정보원 구이 원한 니들 ##시대 원사 베이커 pl 병합 커져 승률 소비량 활짝 판례 실려 쳐서 Dec 소관 지겹 사회단체 만두 짬 Intern 섀 몹시 망명 장제 씌우 치른 이연 박영선 투자처 위드 작자 수박 ##erm 단골 집어넣 증식 Ne 165 이장 맛보 식기 내비쳤 팽창 드러낸 직급 OEM ##납니다 쇼트 할증 마틴 MZ 공실 보직 TA 생겨나 유능 메이드 발자 라이온 아오 튜브 un IN et 윤석렬 코디 비시 배열 서리 사무국 샴푸 알레르기 음란 과기 농부 민폐 ##운다 시판 생전 ##가동 이면 전성기 표했 6500 처우 털어놓 민경 상황실 대법원장 막장 외주 장려금 가진다 다이렉트 ##WS ##신문 아홉 족속 ##공항공 끝났 한양대 ##시브 김인 소정 소고기 휘말 sm 았었 수만 之 피드백 외쳤 분기점 친한 웨이퍼 봅시다 ##부동 텃밭 강철 신진 로워 막연 팔레스 강소 이별 씨부리 NS 해저 書 여호 임산부 HU Dr 도망가 뺨 신촌 성장기 불허 펼친 NAV 실형 열연 후문 ##ox 구급 ##공항공사 방콕 유통망 금번 스와프 Car ##뜨려 가혹 와라 대미지 정재 잡아먹 Market 버락 도울 져라 간장 스캔들 김홍 ##자유 DDR 귀농 420 ##틀랜드 모바일게임 떡볶이 첸 BOJ 커브 인질 자선 보소 서울경제 검색어 내몰 ##급식 미지수 심야 신분증 파이어 ##네스코 무상급식 만도 골고 번거 한몫 벌어질 레미 총량 논하 팔레스타인 코르 적십자 분실 건담 영예 미나 어딘가 사들였 귀속 고배 cc 마운드 세일즈 상장지수 대표자 원룸 ##OD 청라 재검 느껴졌 설화 팀원 더리 HA 이강 유난 늑대 수력 여우 ##ication ##불리 불로 미러 어기 ##쓰기 샌드위치 ##창기 통째 우버 ##디움 年 줄지 레일 단결 ##베스 에버랜드 까다로운 하한가 왕실 유네스코 두렵 무방 윤종 볼까 뭣 보병 ##코니 걔 ##퍼드 ##희정 이룩 ##거스 혼잡 질투 풀어 NE 남아공 쓰리 렛 ##yc 가설 불복 일컫 버릇 ##ium 문헌 손흥 루스 행적 원만 파이낸스 相 룡 신다 For ##신라 카리스 관상 ##대기 군청 ##ition 小 특산물 불렸 역삼 가져온 마드리드 류현진 ##iss 호텔신라 페리 살포 언행 군포 ##ise 몰라서 마카오 해커 거창 스케일 라이더 ##의식 도당 손흥민 공권력 유방암 대통령령 전승 차이나 ##ish 어린아이 RP 접어 대졸 ##리다 사업가 長 나간다는 깊숙 증산 ᅡ 로지 김은 쏙 즈음 그토록 화요일 골고루 벗겨 ##enc 체내 구절 친분 작사 독성 불펜 主 덩치 ##지엄 아날 팔린 고구마 태백 심포지엄 광고주 모아서 종말 응하 항쟁 VI 앞바다 이의 모지 밝혀진 연립 수개 동요 멋있 위배 제과 Se 心 제대 요동 챙긴 시안 이불 NO 인사말 정반대 ##다나 동명 ##공화국 경진 ##계약 문경 애써 브레 간과 대갈 서울역 기탁 쓰러 으실 므 어머 헨리 ##ater ##올로 끊임없 134 비빔 ##앤젤레스 로스앤젤레스 sc 후반기 1930 CT 티어 System 교량 nc 만든다 애완 거래처 잭슨 쿠바 흘려 달인 연락처 코웨이 친숙 혈당 자칭 누군지 집행부 준용 EBS ##통수 핸들 계엄 착륙 화염 480 발산 부통령 더욱더 BS 이민자 서두르 뚱 냐며 친정 기침 리딩 파이터 자막 반역 금지법 멜로 주점 로얄 어떡 ##oo 앞잡이 놀리 1920 강정 선풍 복선 쏠림 교육비 심상정 ##화물 추악 프렌즈 田 충동 초안 기지국 취임식 이드 ed 오찬 1973 하루하루 레알 여덟 불문 ##그레 ##own 뷔페 모방 발리 수식 굴러 ##케인 는다며 항생제 370 Gre 자가 175 부산대 ##르르 FM 티몬 1978 보이콧 김구 원년 자처 항복 어필 BNK CV 도피 부류 쉴드 어드 벌어들 ##거진 속옷 조영 수십억 주의보 직거래 결선 ##프레스 카자흐스탄 서포터 인맥 엣지 ##aw 정차 겔 섣 여종 131 들어와서 스폰서 자니 커리어 SDS 쿠션 ##을까 앙이 1945 줄어든다 다저스 악순환 풀무원 ##ME by 상법 용돈 팬츠 이터 일광 레고 실무자 ##버거 인민공화국 Mar 듀오 한옥 마른 가마 광저우 현수막 리본 급부 로라 깃발 윤곽 가평 충전기 느껴진다 관광공사 모독 ISO 그립 여배우 마셔 통찰 서강 딕 공산주의자 밋 비씨 프라이빗 미비 ##레인지 깝 컨테이너선 적잖 시발 쯔 그제 역적 현충 쓸데없 720 악의 병상 끌어올렸 극한 ##렴치 軍 ft 폭우 붙인 점쳐 136 jtbc 대유행 낙선 장이 UHD 파렴치 ##라미 절정 한성 프랑크 Korea 안달 내포 스탠드 소수자 ##라이언스 망언 인적 리브 제철소 김영삼 ##DF 변한 후진국 라곤 구본 길러 사귀 ##상승 해왔 부엌 시력 차액 에스티 ##gy 유투 문득 지리산 페루 ##방식 알선 저온 세아 분대 반값 열등 외래 어쩌다 무제한 ##파리 땅값 고른 퀄컴 ##랭크 API 휴먼 부제 일축 귀환 니혼 노라 금산 프린팅 이베이 ##겹살 몰아주 바비 강했 공격수 강원랜드 태워 보고회 가할 담회 스마일 ##마다 TEU 장례식장 구강 삼겹살 띄우 올라간 이국 다녀온 신동빈 세울 카운티 어딜 전주시 이제야 집약 ceo 2300 국제기구 격화 돌출 ##행사 담아 수첩 ##우주 내뱉 서남 조원대 OK 미야 여긴 충고 최정 강등 해상도 ##ade GP 냉전 노린 조별 ##임자 합친 西 ##동자 cl 결렬 원했 위아 ##란다 풍기 댔 ##톡스 휴가철 政 그러다 아날로그 조민 황혼 조조 ##메이드 수억 정찰 ##하라 승마 경정 어촌 총파 LTV 보합세 대문 전류 브렌트 전전 反 TC ##쳐야 나란 성황 ##버려 초창기 Am 기념일 복리 해냈 폐암 위헌 예시 치료법 수은 뮤지션 총파업 오비 버텨 ##TRA ip 숙성 결말 EM 지지부진 ##ull Or 레몬 습기 멸종 뒤통수 팡 최태원 불평 상각 선교사 환장 유업 그리드 이타 스타디움 내기 PM 생명체 낙후 카리스마 위태 미일 대응책 다발 과언 불사 부두 황사 검열 롯데제과 드나 동맹국 ##밸리 질타 불타 둬야 at 갸 평상시 따돌 137 사당 존엄 맛볼 자취 떠드 비위 완치 교리 크라이 최영 셔틀 430 城 회고 반론 ##ream 커버리지 수도권 증빙 엄연 ##RE 대공 도산 ##니티 개포 자손 크리에이터 520 정유라 138 봉인 살아갈 나리 ##돌이 유학생 밀린 안도 진다는 껏 후생 부시장 칼라 추월 Cont ##마리 탐험 ##arget 다녀왔 발맞춰 우동 굴리 챙겼 건조기 통신업 ##비치 결의안 할래 세계인 변론 우크라이나 섞인 호칭 전광훈 파랑 개구리 ##DS 릿 RE ##oh 무너졌 백업 양승 잔금 마니아 들러 고정비 입각 나물 조선사 NP 해병대 상설 양당 토큰 참여연대 ##더라 잉크 사와 으니까요 ##iel 소대 ##ous 성모 요가 ##ral 붙였 ##ake 정적 관절염 외계 ##버터 val NG 파마 징징 카니 리우 됐었 ##퓰리즘 잘난 김혜 넘어갈 불길 페이퍼 척결 Air ##ts 워드 명사 시끄럽 치부 ##DM 동인 이세 이소 256 돌아선 元 as 한껏 현행법 쭈 버드 ##경영 보행자 조합장 ##각서 아지 방울 ##부패 송이 플로리다 팔려 충원 저변 전라북도 전범 ##지니어링 부정부패 전업 두피 ##제리 ##엔지니어링 화물차 양해각서 성역 RA 예정자 특허청 소릴 시시 당면 내구재 투스 서사 후계자 움직였 충이 폄 여객기 볼보 조처 퇴원 흘러가 걸어가 중소기업청 견학 ##인수 관계사 학군 모은다 들어야 ##렁이 Best 치중 염원 일회용 격렬 타락 만끽 타이트 몰아가 ##가와 완구 전세금 볶음 교란 ##수리 침실 초음파 방어력 ad 숙명 ##렉트로 진열 ar 야구장 나타났으며 열광 ##국수 ##yl 마린 휘두르 ##까봐 입당 콘솔 민족주의 ##LO 이여 스메 난항 늦춰 동거 우측 스테인 2100 건국대 1975 제트 무서워 아이러 백종 ##자유구역 ##indow 경제자유구역 당도 쏜 효자 ##절기 신정 만대 우대금리 픽업 사고방식 ABS 에틸렌 슬프 품절 폭주 참신 야드 거니 희망자 젤리 어우러진 울음 구슬 ##칠성 는군요 ##세우 ##일치 묶여 ##준호 오뚜기 재외 강타 흉내 잡혔 세밀 공보 예정일 리오 ##모니 슈즈 털어놨 숟 옵티머스 산행 삼척 제작자 연구실 트림 이어폰 회색 콜로 색채 식자재 ##장면 몸통 ##올로기 성적표 이데올로기 ##자산 형량 사대 해남 노원구 엿볼 덥 SF 실험실 호도 141 샤오미 정가 즘 경합 균열 샛 ##럴드 사절 HSBC 퇴사 버핏 랜덤 패러디 망상 당한다 괄 뻔하 급락세 ##질러 저절 화법 내시 마스 산유국 벌인다 pd 레이싱 패소 클렌 보안법 DSR ##훈련 박태 대의원 유라 무소 둘레 1974 성산 발사체 비명 조사단 142 나아갈 ##브리 각인 후예 ##ology AF 개도국 ##래스 성동구 애경 상봉 와이어 성주 기승 방위비 운영비 려니 이태원 담화 DVD ##맞이 VC 스케이 ##ject 컨설턴트 VS 부총 ##모습 후드 사신 ##시스트 Te 더해져 담론 북극 서해안 검사장 이양 맞붙 아무렇 받아들였 ##RP 착오 ##ative 저절로 식단 방금 남원 고법 ##드레 처녀 색기 청각 교묘 선주 Act 발발 이공 날렸 성비 아담 마리오 증축 바이저 제명 섹션 촉각 소개서 였음 점거 프로그래밍 치웠 내려야 미친다 삼성엔지니어링 존스 152 보성 배드 DTI 리처 블라디 넘버 살인마 둔다 치워 부총재 날카로운 아인 mg 민간인 두려워하 맞출 野 김한 검찰청 택하 이스타항공 신생아 가습기 다듬 능가 도배 찰스 NFT 떠넘 따라잡 랍니다 어처 선의 유격 동호회 포진 공관 1976 ##나물 무수 별세 비법 ##메이 ##난방 체하 ##슬림 현미 ##예술 World 민낯 김종인 무실 쏟아졌 올린다 148 EP WM 걸려서 스미스 전과 써도 눈부 사치 ##숨에 꺼져라 단숨에 도시바 납니다 디플레이션 렙 다카 조수 문인 부가세 2700 햄버거 노키아 인방 ##CA 러스 인증서 비참 시당 야말로 빅뱅 올인 ##VE 고선 느린 일류 고안 하수인 아레나 씬 지어 440 가디 ##닐라 넘어갔 아이언 나카 ##업소 폼페이 로스쿨 유체 수돗 거침 트라이 ##SE 찾아와 非 마곡 거시경제 ##징계 러블 포퓰리즘 국사 격투 All 개발비 요지 토트넘 달라진다 바뀐다 본명 ##키퍼 부가가치세 지킨 열망 연장선 BSI 주선 관대 이래도 양면 돌파구 기수 화사 무슬림 ##Hz 주지사 숭배 유희 부호 접시 절박 업주 관망세 에이즈 으라는 롯데카드 손질 사스 써먹 무너진 ATM 대위 BI 조달청 연회 유례 ##작물 글러 일화 be pp 배움 수사관 PO 견지 IA 제안서 골키퍼 9900 ##캐피 저마다 구자 광신 교향 ##캐피탈 폭포 ##부분 오타 훈훈 포커스 하동 치렀 멜론 정품 돌아다 채굴 다가올 마셨 내줬 꼬박 섞여 ##내기 모셔 정읍 ##누리 ##치소 똘똘 나쁨 외교관 배관 어둡 선량 ##웨이트 ##글라스 네이처 ##갈이 스냅 발코니 미라 스탠스 매스 ##evel 원주민 빠리 일생 쿠웨이트 기획사 미묘 더군다나 나미 ##산성 카운트 지청 이긴 川 타고 뻔한 ##TP ##led 8500 처단 전폭 BL 모회사 지중 ##스틴 생소 졌으며 학자금 Inc 박해 ##으므로 선회 감행 도정 최적화 라오스 빨강 킨텍스 현존 꼬마 ##이행 길드 143 토익 신협 아반 위기감 최성 가뜩 올라간다 잊혀 세척 되새 크리스탈 조센 pr 소량 주저앉 수돗물 과반수 자연스레 건대 직책 나이키 또래 슬슬 ##델피아 부산항 필라델피아 가치주 건드 메세 외고 넥스트 분유 퍼블리 ##perform 엔젤 헌금 다기 범법 처치 물리학 급속도 ABC 진천 셀러 Str 노드 코칭 오세훈 밀가루 평안 커리 급급 야쿠 앞날 오더 형법 장주 관철 153 순진 호박 창업주 선보인다고 냄비 1972 나열 토요타 머티 月 잠들 구실 무더기 어려우 잡화 설령 칼슘 녹차 덩달 가뜩이나 ##ale ##감정원 한국감정원 사탕 인양 중상 전인 어처구니 왔으나 쫒 ISM 육류 색조 내려왔 완주 2600 세이프 극동 ##로워 데드 변질 경제력 천황 어긋나 킷 OCI 명상 터질 ##체어 친문 ##갑니다 대지진 자연환경 Cor 벌크 알라 실크 김남 ##ife 색소 준법 승강장 ##체스터 가두 ##왜란 임대인 분별 화학제품 넘길 ME 는겨 계류 ##rom 워즈 머지 임진왜란 항공우주 권오 ##RPG 객체 경남은행 이어받 강대국 팔자 2800 플래닛 마르크스 과학부 스몰 해태 경상남도 못한다는 총동원 선적 칼로리 태안 ##BM ##부족 침착 지휘관 실리콘밸리 버림 휠체어 깨진 일렉트 뮌 희망퇴직 151 김밥 아로 Im 호위 지날 할인율 기질 비엔 종편 티스 관심없 끌어들이 ##uth 계약직 고졸 ##세기 겸비 편익 왜놈 ##장난 선불 부연 개교 전입 청도 가락 중앙선 문예 철새 우즈베 에티 MMO 국부 퍼트 양지 조양 ##부모 트로피 가나 초미세 트루 TO 제때 훔쳐 투성이 저능 잠잠 변모 ON ##라이언트 Ro 헥 식용 통틀 아리랑 YTN 큼 ##혀서 OPM ##에미 유모 클라스 안목 제너럴 유서 파이널 ##ML 스낵 운송장 총알 ##무진 룬 무주택자 내란 표절 잊어버 컴투스 비열 PL 해골 내셔널 타카 샹 단풍 야후 드러난다 추리 손수 후반부 그랑 재팬 가닥 ##수아 글쓰기 ARPU 139 산전 리온 이언주 ##메인 다룰 무심 김세 동학 엑소 고독 구출 김우 롯데칠성 매기 거들 추궁 ##ero ##날레 GC 양천구 나사 득실 쓰러지 강인 147 1977 백색 ##사실 착안 특전 찍소리 한상 택했 ha 탐욕 집구석 146 SSG 간염 이율 미숙 나폴 후판 DGB 남경 구워 수비수 퍼즐 투약 스코틀랜드 허무 계양 ##ning 어벙 의향 ##lex 바늘 재량 염병 보낸다 부업 집무실 스러울 다거나 광경 예대 계파 검단 데려가 나날 민법 맏 대치동 복도 트윗 어미 유휴 ##패스 신년사 TSMC SSD 손잡고 동래 주교 섬기 올스타 반갑 서머 연사 거스 불상 애국자 밤낮 ##케어 망국 망한다 금수 RPG 송신 저걸 보였으나 개인전 모로 산림청 이월 추대 ##어링 江 크레인 매몰 야스 명함 천문학 ISA 닭고기 만연 국내선 숟가락 사나 나이스 ##장구 번식 대전시 무색 례 바오 정대 체육회 들렸 다스리 담당관 강전 견딜 원치 ##보내 플레이트 ##사람 기보 ##자드 고질 ##빠진 거르 국과 he 쳐들 연기자 떠안 증권업 관전 입성 절세 독주 원선 한잔 도자기 ##포츠 ##프로 픽셀 재검토 월별 석유공사 부원장 치이 남조선 포식 용감 ##우마 위선자 나옴 건축가 끝냈 162 단합 개연 오크 퇴장 경기력 연어 권총 행안 市 PI 끌려가 리처드 自 서울특별 崔 대관 ##ene 그러다가 도라 늪 달려들 반군 Comm ##드름 따름 앞섰 여겼 적화 유의미 ##펙트 입상 진다고 낙인 폐수 병기 증기 기류 속내 블랙박스 올라와 자산가 世 랄까 ##ool 알맞 연달 늘어놓 ##레일 본업 더한 ##무니 은밀 교포 더샵 제왕 ##돋움 이직 발돋움 거센 척도 트렌디 가명 김연아 멧 어휘 로맨틱 껌 ##상의 비만 빅토 530 ##기지 약탈 One us 주원 KAIST 여객선 명실 부럽 사탄 검장 kia ##릴라 리퍼 공황 이호 태영 견적 접전 페미니즘 원더 맴 투사 타개 적재 어때 일식 코퍼레이션 깽 이규 ##라노 ##재판 날라 다량 지민 요정 질질 보탬 위약 제강 시련 ##상스 개무 154 트랩 그러니 ##수원 매사 배고 거주지 억불 휠라 기고 ##제강 Pe ##사랑 저번 북유럽 유영 구걸 배트 실로 우롱 공명 代 동유럽 브로커 유급 지기 이방 모가 ##자찬 지킴 ##보레 굵직 임팩트 급부상 ##천동 mc 나이지 나이지리아 쓰일 자화자찬 단자 편파 고화 ##리에 ##ctv 브랜 구독자 미포 접착 폭파 ##터스 대타 교토 ##지역 오피 저래 하인 딛 십시 br ##김없이 만장일치 눔 신하 솜씨 156 모처럼 광대 펼쳐진 허니 역부족 탄성 터빈 비호 신안 상큼 아바타 여간 클리닉 북동 同 월마트 프란 준하 윤활 화답 ##테스 BE 동국제강 ##숭아 분말 LCC 거래세 ##산동 북아 박병 Index 대의 숙이 대한상의 모태 이철 안다고 ##ivers 아녀 As 지준 1971 박인 미인 했어도 출금 대책위 1965 전략가 ##떨어진 습지 밝혀야 상수도 불능 현대캐피탈 슥 붕어 뭉치 렴 장학생 얄 ##RC ##둘기 460 탈환 불려 오키나 메이트 미련 149 수락 미화 관습 판매액 소양 이리저리 퍼스 산물 캐리어 뵈 Ed 버틸 지평 포격 503 연정 168 Qu 다가온 이한 쪽발 여느 모른다고 완도 原 쓰였 인승 조선인 KRX 나아지 우승자 정해져 ##ility ##축구 조계 크롬 폴리스 쳐도 구린 자행 ##니스탄 내려앉 굴욕 공습 누렸 악성 보온 불통 세자 빨간색 ##마킹 파르 펜션 플레 노회 안무 분화 립식 대명사 잔량 벤치마킹 우루 허리케인 뤼 ##lo 티저 엄선 ##모로 행해 Me 급기야 철학자 ##버린 매거진 형국 tvN 학술지 착하 밤새 ##회원 다녀오 일렉트로 증발 기꺼 분담금 자작 둥지 장년층 정석 법리 베이커리 사계 삥 ##쿠라 호스트 원점 갈색 괴산 엄지 우즈베키스탄 660 해답 반품 ##다오 發 서대문구 머저리 ##우치 ##ode ##자부 차릴 르네상스 찔러 남발 템플 세라믹 어버 시험장 ##뜨릴 콜롬비아 시네마 이루어진다 레이크 심문 엄벌 패닉 매파 1968 1969 경제학자 운동가 마니 북서 비금속 이용료 뒈 전망대 무서워서 완수 빨래 ##부동산 GW 재물 귀중 흔하 아반떼 기관지 지저 교차로 몰이 갖출 각본 BTS ##텐데 의사록 ##과이 안보리 배민 응급실 토론토 생명력 가관 터뜨리 키친 ##다이 광우병 만난다 운반선 저탄소 ##올랐 에이전 해운업 ##ator 철원 시추 편중 교내 남방 디렉터 국보 파나 증원 ##con 세리 노고 고찰 감액 퇴치 ##각각 슈트 레코드 ##부동산세 는데도 종합부동산세 ##망이 탱커 승낙 파일럿 이룬다 중원 ##슬리 실기 늬 기흥 원거리 자카르 ##새끼 얌 185 지켜볼 양키 햇볕 cctv 농수산물 년놈 출입국 ##커트 속여 사수 심신 헤르 지라 엔드 경질 연례 ##노소 침범 經 암흑 원자로 Net 복직 스트림 ##pen 예술인 고아 푸짐 블라인 온난 라이언 안희정 연합군 렉서스 선지 살펴본 횡보 SG 홍익 OTT 할지라도 커진다 막론 아토피 수조 ##순위 SKC BW 챠 질소 인파 절친 불씨 누진 with 410 史 ##ric 어딨 ##이익 박멸 계량 책자 LO ##깨비 경부고속도로 신랑 두들 자석 3200 서재 알짜 개막전 化 ##세종 루시 경총 연습장 ##장치 제제 방제 증강현실 기꺼이 말려 ##에미리트 아랍에미리트 ##무사 심재 변국 사살 완제품 쫓아 트론 친다 390 BIS 동작구 德 ##DAQ 넬 소행 출발점 각하 그딴 이산가족 결재 래퍼 有 무궁화 괌 갖춰야 ##가드 고용부 군림 돌아간 넘쳐나 ##기획 ##소송 금호산업 아이러니 국격 창사 ##서야 백혈 영양소 누계 팬덤 단추 갈아타 빌보드 물러났 수축 주둥아리 모스 내버려 갈리 조준 ##indows 청결 고흥 cn 애드 ##막이 Fr 무작위 ##aper 도왔 지탱 ##쿠버 사이다 ##ution 스가 두둔 장편 510 판권 ##트랙 창의력 익스프레스 콜드 요트 텐센트 동백 판다 ##가상각 감가상각 Anal 귀엽 수서 노란색 잡스 내놔 아디 여러모로 157 업무상 ##weight 단양 상계 폴더 정세균 육지 출고가 되돌려 오키나와 골퍼 BBB MVP 골수 소변 재가동 ##쇼핑 몸값 ##데기 무너져 토마스 입장권 야동 멜로디 박경 ##린다는 덧붙여 경청 고체 ##줄기 ##아시아 손잡이 들먹 연예계 청사진 비둘기 강우량 흡사 달한 ##ading KOTRA 망고 안산시 소소 남대 라니까 천명 혜주 ##amp ##view 외식업 장률 지부장 짓밟 레인지 탈탈 충무 앤디 QR 놀아나 가시성 ##베트 실책 활동가 오븐 단종 수천만 재기 평택시 단의 은평구 MMORPG 쥔 펩 ##대식 아이고 일용 Target 경산 농작물 연주자 ##영장 프린트 최재 원상 일렉트릭 돌발 ##소스 도메인 비누 158 모친 셰일 권하 김성태 UI 주임 ##ll 남녀노소 과거사 사카 플렉 했어야 렐 나팔 회의장 ##러미 ##카운트 불고기 트라우마 테스 베풀 540 입안 맞이해 어우러져 ##브로 페널 박쥐 아니한 촘 계룡 유린 차인 166 랙 망원 고영 정할 냉방 김미 자카르타 ##ism 종영 샤프 러시 까다롭 ##공서 파주시 지긋 펜스 불어 따를 울려 행방 뽐내 연료비 베일 달빛 라마 체리 대승 화랑 천안시 단거리 ##유업 470 BBC 행정관 ##na 헤쳐 사촌 제회 조인 영천 수하 소재지 체조 노령 벼슬 ##닙니다 감금 사들인 고마워 ##ame 참배 ##oon HUG 가용 경각 유안 장자연 배당주 기다려야 ##다르 잠복 1963 노조원 시승 퀵 스며 사이코 항공업 무진 론스타 ##ignal 선인 세례 남양유업 포탈 DMB 차관보 ##폭풍 슴 ##더기 나랏 사라진다 차츰 미네랄 시외 블라인드 결핍 후세 웰스 모나 바퀴벌레 친하 은메달 an 포위 외장 仁 ##미르 리프트 밀크 장제원 럽 초유 스토리지 ##금고 라떼 下 얼라이언스 모델링 외자 스파크 나트 쯧 ##aily 변태 살렸 김호 마을금고 병실 휴지 경작 서강대 ##사상 태생 일깨 ##학규 분권 솔라 줘야지 남서 Over High 에스엠 수두 고화질 기정 망쳐 진료소 바래 ##row 한국가스 기강 정확도 ##리그 ##텐도 정령 해발 닌텐도 ##ating 리플 太 아쿠아 ##교부 참관 모텔 지휘자 ##제이 김부 서울특별시 못함 맞대결 니라 기공 문신 우뚝 공언 라라 정현 항일 ##man 수개월 흘렀 부득 KI 터뜨렸 ##용지 재협 답한 궐 한화건설 ##우지 고갈 턱없이 카피 거머 역겨운 노바 ##연맹 어민 ##처리 겨루 박승 인해서 하마 심했 돌릴 무성 거슬러 꺾이 될까요 통신비 가야 클라이언트 유재석 레이어 소매업 COV 그물 펭 송구 인지라 마는 뜻밖 벽화 사나이 생색 얼룩 유니콘 타일 편들 광진구 ##천리 의아 잡음 해시 화자 조그만 ##배상 무작정 적임자 네이트 제국주의 거미 소생 昌 세비 정치판 순이자 글리 560 정글 포스팅 울타리 미모 International 벙커 한화투자증권 파병 흔들림 벤치마크 좌측 ##net 결핵 일간지 심부 뜬금 란스 급진 ##십니다 묻혀 메우 제작비 줄여야 177 방류 ##다듬 어설 증거인 ##ener 대열 차감 무거 본국 프라이즈 천막 명실상부 산모 책무 왕위 ##정식 앞세운 불의 ##TR 치마 역풍 뇌졸 ##필드 오메 ##노미 책임질 물려받 압승 時 개뿔 찬사 메커 매너 경화 엔트리 ##fer 선상 루비 황태 난무 군사력 out 암튼 구매력 일손 다구 칼날 콰 소급 때려잡 울릉도 미학 파스타 ##부들 ##air 로프 들썩 향토 균등 드롭 담장 범용 ##취업 파울 아미노 성기 못한다면 장안 초선 Decenter 크라운 중징계 이선 ##버섯 지로 뭘까 밝기 자의 진료비 선택지 DI 난관 나뭇 ##젠테이션 기념품 ##스톤 ##맥스 독립운동가 갖춰져 셧다운 왕성 최하 창간 한기 Ag 백종원 품위 수없이 Ass 부상자 수교 1948 트인 꾹 었었 노비 문화재청 손절 입출금 귀걸이 부들부들 맞물리 칵 첼시 초고속 진행자 김도 생존자 옌 현주 톡스 176 보수당 ##ls 일례 MMF 인수위 조연 不 센텀 미스터리 후폭풍 결사 현혹 견뎌 반증 특나 특별시 향방 산맥 소기업 시간대 문학상 웰컴 초중 코픽스 미즈 호프 임영웅 ##ott 송치 디오 슬리 스케이팅 번갈 서른 아껴 SN 제니 포맷 라네 시큐 체불 모간 금상 총격 편차 만행 저력 변제 좇 바울 염소 Dis 영도 몰려들 북조선 인듯 로이 1967 충청남도 바닷가 손학규 구로구 도끼 박준 와일드 아테 백두산 계발 풍자 은은 YG 남아프리카 포항시 UBS 완충 학비 Under 김석 외과 침구 수변 ##ild 고루 사체 수표 한림 WA 양형 혼돈 ##하마 전문직 RM 산란 조성물 ##관리위원회 췌 개업 식음료 십시요 선거관리위원회 여드름 스모 예기 기본급 맨체스터 부세 부려 아스트라 쓰인 인신 도용 ##리스타 1962 기해 찼 통풍 단국 숙청 3300 챙길 메커니즘 김포시 경의 불출마 경영인 더디 투자액 빌린 Int 죄책 플라워 하프 ##소년 지음 처했 끼칠 Off FTS 악몽 무공 흘렸 쳐라 내린다 010 ##덕션 김두 중력 추잡 손해배상 선체 그랜저 실외 목걸이 ##베이거스 라스베이거스 경각심 기자단 줄서 불발 장본 고압 송고 교전 ##저것 잠자 도망치 수성구 부설 다퉈 관례 사슬 정용 161 지하수 퐁 선글라스 결여 유대인 베스 스팸 하소연 전립 경악 스릴 nm Med 도무지 9500 ##oint 도난 금회 즉위 ##여대 실존 리메 김진태 불빛 구치소 ph 발암 이것저것 요코 경성 성북구 SPA ##icro 라즈 팰리스 라시 첫해 무실점 복숭아 두꺼운 다져 ##카와 ##꿈치 끌어내리 ##엔드 부지런 동물원 FTSE 실종자 몸집 벽면 사무관 구애 씁쓸 팩스 와야 근거리 3600 ##도록 굴복 오송 브래 ##ma se 토의 순례 수해 밀폐 다정 159 패시브 할꺼 경지 ##푸르트 뒤쪽 다이빙 선봉 노사정 소유주 한국가스공사 끼친 어째서 벌금형 모녀 무드 이정부 ##러워 구했 봉지 설날 실망감 지녔 대출자 산책로 동대 ##통신 계명 순증 ##VA 비겁 성대 창호 비어 su 하이퍼 재협상 도면 163 하하 접어든 휴전 new 164 ##폭탄 부영 유량 Sup 브리지 방사성 버팀 카레 형벌 지뢰 당나라 0059 자바 소박 질수록 172 이천 시드니 치닫 싸웠 포상금 젼 멋대로 무라 물어야 엘리자 Wi 방조 개회 간선 ##눈물 쩌 퓨처 가리킨다 동메달 면책 유심 MBA 다졌 의리 알파벳 부역 튀김 뭉쳐 게이밍 서북 박계 추행 白 불러일으키 그래요 어쩜 어지간 치도 Techn 소총 기념행사 iP 정연 화나 Oil 理 저질러 정몽구 위메이드 와이프 거장 보인다는 자금난 물들 관용 부끄러움 쿤 島 iOS 재취업 낯설 용선 피눈물 ##어질 시몬 하우징 궈 ##크론 저쪽 趙 무마 군중 시즈 ##정책 내려온 베이지 허술 이빨 Mob 리틀 감도 합창단 ##고생 파행 양조 GPS 이화여대 공해 ##ange 하사 영월 두드리 ##마을 소동 이자이 石 김현미 ##게이 왼손 대령 로울 채운 에센스 기울였 쉐보레 카우 뮌헨 하이라이트 고등어 틀렸 me 전할 和 물리치 조미 혈안 수율 BP 167 문화원 정중 전해진다 205 했잖아 독과 ##경찰 GT ##은색 마마 과하 인먼 애국심 광복절 바가지 PDP 끝장 즐겼 퍼부 바카라 My 대당 콜걸 월화 ##어요 178 기력 ##카스 버스터 캐논 시제품 프랑크푸르트 빨대 강물 스물 준다면 ᅩ 떨리 Good ##바리 할배 순항 봐야지 인권위 슬퍼 잇따른 구석구석 ##라면 메르켈 통폐 화순 절로 모름 제일은행 극치 자초 위니 살아왔 씀 뒤흔 ##필더 ##블릭 가압 미드필더 어느덧 드린다고 행세 일어난다 신항 팍팍 다네 바빠 세무서 ##ute 했어요 ##eth 종근 반출 시장법 극찬 자력 재수없 뒤져 ##살렘 민경욱 메릴린 거버 Out 별거 이희 나들 TK 산다는 친밀 증거금 ##무장 ##ICE ##루살렘 Windows ##에프 일차 손색 법사 bl 전기료 금형 펑펑 일터 ##ield Cr 유망주 주효 동두 ##분할 한약 Serv 춥 자각 상용차 속국 노부 전소 비지 상근 李 174 이글 Col 당혹 ##이어 고마운 포르노 공여 뽑혔 마취 치고 코끼리 포티 워런 플리 수필 232 올바르 재일 빼먹 흔드 해줘 의성 bb 인대 와이드 우발 벽돌 在 저술 맞춰서 더블유 쩔 ##악산 촘촘 ##레스테 편가르 돌진 전통문화 ib 한국거래소 도적 ##bps 권력자 시조 감내 벗어났 주중 김정숙 청중 주성 af 본청 상도 돼도 여수시 강남역 수정안 구당 나들목 쓰러져 근무자 광주은행 월성 참패 판관 로비스 해낼 ##OT 청구인 적시타 하야 문어 하네 NAVER 뇌졸중 홀리 전보 잇단 COVID 일찍이 징벌 상작 저승 번복 1940 신격 위쪽 농수산 ict 박기 서영 이왕 성화 점퍼 낄 나기 뜻깊 경로당 동두천 갯벌 간병 ##정지 쇠퇴 어쩐 ##볼루션 초빙 통폐합 야마토 리가 ##RL 宗 헤럴드 규율 난감 손톱 Part 자판 단조 ##라기 위계 ##보험공사 하순 ##urn 서문 ##덤핑 주정 You 마귀 반덤핑 자이언츠 병우 살균제 만물 올려서 돋보인다 기다릴 ##any 터무니 지양 궁전 끓여 뾰 글쎄 머스 여진 예결 금성 산수 일어서 베어스 아버 ##지도 들려주 단면 기저귀 이문 치는 테일러 법률안 송환 애쓴 잔존 콜레스테 일부분 뎅 흥청 국공립 필러 문양 카나 뒷면 몰아넣 1964 한국노총 양말 똥개 쌓았 약진 뛰어든 헷갈 PH 오줌 지나간 플루 코스모 니아 PK 울진 중성 거룩 Mod 대행사 XX 메릴린치 수저 열대 구기 종근당 마왕 메디컬 내과 바우처 안양시 차근 580 액세스 640 기절 ##코스 향유 엄밀 ##사키 장보 깨어나 비서실 ##베리아 박세 ##ery 말장난 콜레스테롤 이쁘 자백 수심 182 박모 평점 출세 렘 엘리엇 코리안 스타크 그걸로 불릴 럴 濟 땅볼 휴무 될수록 고취 ##alth 기프트 ##탱크 불륜 학창 고층 광신도 시애 중랑 노이즈 ##세종청사 정부세종청사 감귤 할로 La 불분 원통 설리 질러 공매 BR am 골절 대도 파란색 제스 급상승 Do 들린다 했으면 ##벌리 EA 잡아가 지저분 른 헌정 도깨비 수인 UE 초당 리티 세팅 ##earch 투숙 부적합 전자책 武 1961 칙 지구촌 마오 경복 엿보 항원 ##리시 일주 부츠 영암 ##효과 CFO 후쿠오카 트레인 ##민석 고착 귀가 멍멍 ##부산 조력 경영난 임시회 강풍 밀어붙이 국인 복판 bo 기껏 ##폭력 애호 요율 다산 에미 나발 수염 임종석 ##편차 섭외 재판장 산업체 춘절 마이크로 뜸 빙그레 보였으며 갑상 루나 나우 배타 따랐 공석 세워야 얕 재주 카를 카리 Sch 표준편차 토너먼트 신세계그룹 버금 카니발 불순 일임 스트라이크 싱어 미정 올려야 파우더 ##진보 제일기획 레바 에어부산 ##인수권 신주인수권 불분명 ##수단 아낌 fc 광고비 초석 성형외과 방탄 폐해 몰수 효용 실재 처사 TOP ##블러 수십만 테크윈 다목 ##eng 못해서 저능아 ##MEX MF ##년기 들으 똘마니 유역 손발 ##클리 후안 슬기 춤추 맞닿 팬티 희박 ##구름 ##데시 ETN 전한다 리베이트 집결 허벅 저택 다간 을지로 담백 169 띄워 ##스럽 171 BNP 필사 팩터 전광판 ##하고 가로수 ##이다 앞당기 펀치 다닌다 버팀목 ##atch 두터 陽 ##바구니 격파 Mon 당위 예루살렘 잠자리 케인 최진 생겨서 시종 ##고래 깨끗이 186 시노 싫어하 ##요금 목돈 전문지 ##to 전달식 KTF 건만 처참 장본인 떠돌 취약점 ##클린 왕비 포터 애도 여호와 과격 질량 겠다 들통 일품 이케아 용액 알린 수기 시바 마중 피로감 이따위 죄책감 뿌듯 동기간 관악구 도루 전립선 려다가 시애틀 뺑 트러블 균일 블럭 제격 가중치 지독 반등세 서진 지치 센티 sd 신현 진위 의과 PCB 張 BGF 못난 LC 반대편 ##red 스펙트 사조 치러진 꼴찌 피겨 강령 꾸리 자민련 630 루마 ##블로 제네바 출입구 시사점 맷 부쩍 괘 발대식 관공서 레미콘 3800 도수 참담 미술품 컬리 원문 아프가 추론 혹시나 뒤덮 캉 매끄 암세포 궁리 편찬 숱 내연 팥 ##레이트 평화통일 정량 부녀 송전 커튼 랏 미식 與 해내 定 ##재해 Risk 네놈 ##라이더 차렸 밝혀라 BPS 터트 영덕 명부 놨다 KOSDAQ 204 의전 체형 ##크림 셔도 가디언 감원 전화기 색감 선뜻 무너뜨리 거취 무신 유키 평준 누비 불거졌 ##duct 본지 선언문 ##승부 氣 체전 출루 요기 윈드 자연재해 ##나가 인회 215 시크릿 따라야 밑도 제언 모지리 혼선 tvn 바그 주안 해독 ##iness 해적 귀금속 기본소득 ##son 203 잠금 직시 슬라이딩 두드러진 신전 삼촌 ##토스 ##모닝 빠짐 애프 잘사 군부대 내시경 끌어올릴 굿모닝 ##튿날 구르 독과점 수건 단군 스탈 넘어지 로펌 정거 변속기 트롯 카시 회기 꼼짝 장하 변인 송영 위약금 유니버스 캘리포니아주 수취 추계 추징 퓨전 정쟁 이튿날 ##하니 늘어지 추진력 게이머 생사 참고인 일거 나선다고 방호 ##홈쇼핑 펼쳐졌 유스 소사 수두룩 sw 연다고 영진 현대홈쇼핑 아이유 장전 발기 미끼 HK 벽지 바이올린 문제지 스펙트럼 어린애 집어 Next 트집 바랄 숨통 마이너 ##어냈 기울일 교구 리턴 ##태평 따른다 금정 570 띤 Manag ##가요 ##마르 We 다케 외국환 해야죠 응징 모릅니다 흑백 ##워했 문희 개요 대남 근래 엇갈렸 ##구조 무당 가격제 불식 건교부 백작 慶 타파 타진 발매되 캣 쿠르 양방향 馬 반기문 평행 훤 ##CN ##iple 신용도 아프가니스탄 Mult 남양주시 부득이 4800 샌디 원한다면 극소 농기계 아주머니 173 선한 ##넌스 양회 급수 느슨 보디 선구 내셔 공지영 지사장 댕이 스핀 멈췄 PVC ##ep 자폭 ##무게 알아볼 사업소 트레이더 영산 취업률 중얼 LF 봄철 몸무게 ##차림 기뻐하 ##글라 ##상도 맹세 서서 경실 ##티넨 크라이슬러 전세가 넓혔 연세 킬러 혹독 고해 스턴 별장 숙원 漢 ##정보 해산물 적중 ##깁니다 새끼야 기울여야 外 ##PGA 할려 선천 만능 성황리 ##때로 재경부 경수 액상 수입액 여중 고물 TFT 당론 무증 우선시 옥스 ##포드 퇴행 접경 그려졌 ##제약 퀀텀 밉 명박 경원 으뜸 지닙니다 프라이데이 호화 선물환 펼쳐질 미역 유니크 고마움 실생활 남해안 基 경비원 박현 소화기 유니버 어버이 항균 주액 콜라보레이션 무명 경전철 테두리 애틀 엉터리 어울려 피했 레어 거버넌스 닷새 맡길 종목별 ##우트 탤 건들 대나무 ##fl 일별 쳐넣 방증 안겼 장대 朝 삼청 ##ton 신병 정거장 떠넘기 국력 아닐까요 는커녕 타고난 지폐 퍼졌 아드 분신 조식 세워진 흩어져 클렌징 라이브러리 항공권 ##테면 금세 ##테이 본원 ##옵션 재연 사계절 오차 EG 라미 ##진보당 어지럽 670 스킨케어 라든가 예금보험공사 항산 공상 안토 감격 ##인구 벨벳 모을 암울 옥외 레이드 포장재 Signal 홉 리버풀 돌격 연전 객관적으로 ##aa 코멘트 돌린 역행 공교육 와우 黃 ##화학 전함 이디 이력서 샤넬 서유럽 어땠 잔혹 아랑 슬라이드 기관총 수역 내려졌 ##세스 오카 뛸 ##ica ##가짐 박지성 China 빈소 ##스타일 ##버렸 새겨진 ##드려 진수 캐치 받들 교섭단체 스테인리스 톈 열사 ##ave 보선 680 기업공개 틀어 낙찰가 회선 고민정 허벅지 ##사전 송정 우주선 ##용수 옮길 실과 애미 녹여 꺼냈 택한 ##ng 김문수 갑작스럽 우덜 떨어진다는 복종 선형 어비스 부천시 팬택 허공 도둑놈 파파 절충 장차 줄게 ##가정 SR you 전동차 전구 ##호우 1966 브라더스 컨트롤러 쉘 청량리 젝 이효 토건 DMZ 자위대 샤이 변혁 목장 혼수 애틀랜 렸 디딤 저명 집중호우 ##기름 잔잔 매듭 장만 187 2900 장흥 쏠린다 Hold ##oq 감정평가 통령 이를테면 드러날 제인 청나라 ##테리아 간략 ##환자 선로 직계 애로 진척 도급 재빨리 CDS ##링크 교두 신경전 실컷 예스 광구 마그네 피부과 라지 세간 ##au 內 판매점 특공 181 곡성 준우 백혈병 층간 쿄 CMA 제물 184 판매사 신데 내려간 맡긴 호투 사회관 And ##sc ##로템 주작 여군 인더스 현대로템 김규 KAI 캐스트 ##사이드 장동 발제 멈춘 외제 개구 기준일 문책 부식 장지 총독 니얼 폐막 포석 입장료 ##날두 크레디 사회학 백스 ##중국 날로 ##워진 조양호 거듭날 호날두 천박 인피니티 ##양행 MG ##무역 제갈 늙은이 KP 루피 의병 헤매 정렬 짜릿 외지 통합진보당 배워야 만호 이주열 출사 비디아 금기 설명서 디펜 홋 승승 수뇌 파고들 김범 ##들리 고모 작살 끼쳤 내라 폐간 간행 고위직 ##work 철강업 나와도 시료 패전 작작 시식 코메 ##십시오 내진 가위 상한선 갈래 평균치 AV 세브 칵테일 헤아 ##꼬리 620 니놈 ##ision 스노우 반가운 채웠 내리막 비약 육수 스템 머지않 농경 내건 편도 유한양행 pe 부피 합하 일동 DH 포획 합병증 필살 지그 첨예 곧장 맡겼 고기압 에세이 Gu 병원장 민병 프로토콜 공허 쯧쯧 ##까리 스트로 오로 완결 우두 담뱃 THE 발자국 삼국지 견과 지켜본 조센징 동대문구 손녀 겸임 할매 소린 헤어지 ##즈키 찻 245 빈틈 ##리나 Fin 옵니다 유전체 HMR 최저가 화분 통틀어 아래쪽 주립 변조 남대문 누출 교육장 하룻 활동비 리메이크 방구석 탁구 콜라겐 자랐 조지아 방관 투기꾼 장신 BBQ 본보기 하이엔드 LI 외벽 다문화 춘천시 ##경정 le 밀어내 럭키 올드 드래프트 ##DEX 분립 ##레마 비주 980 235 곰팡이 실화 부여받 가변 서슴 한신 선풍기 ##선거 조형물 ##ere 서태 정숙 느려 온기 英 포르쉐 채식 면도 처리장 트로트 ##경정예산 추가경정예산 리먼 변할 오메가 리부 벼랑 512 방점 그려진 여실 3700 기틀 영유 나트륨 ##da 유격수 일탈 정인 하림 페널티 노태우 Bar 밀수 릴리 건넸 ##하우스 유니온 계셨 깡통 301 거인 심기 490 질책 평촌 총사 대작 요르 잡아내 조개 경실련 게이츠 까먹 오미크론 미디 물의 ##슈타인 골격 복부 왜냐면 ##연설 ##게이트 ##프스 아태 183 가부 파출 가져와 바라볼 제주시 생겨났 눈썹 요미 남도 종교인 불우 쁘 간결 고만 어획 청양 만족감 혈통 수전 지쳐 정영 ##비용 프론트 ##쿠스 죽여야 의협 영업시간 초라 Bus 비장 옥천 각질 정의연 靑 따내 MLCC 인사이트 ##누스 ##br 갑옷 여단 가했 프랑스어 박살내 충만 ##LC 통행료 ᄑ ##찌개 사본 받쳐 重 마츠 ##aph 시흥시 바닷물 군복 높여야 수유 철판 Aut 리바운드 뜻대로 베이직 ##글라데시 요하 빨아먹 방글라데시 수온 고운 홍천 어김없이 고속철 맞먹 미결제 중과 장영 ##택시 무술 ᅳᅳᅳ 진성 VA 떠받 활주 들으며 모세 빌트 211 ##바탕 요란 수혜자 마카 파면 내려갈 fl 칭한 카탈 전법 출격 결속 뿌린 움직인다 부턴 전투력 마차 Capa 208 바운드 맹목 2026 해인 획일 어벤 ##찰청 배차 교두보 so 콤플렉스 말소 음극 찾아갔 보르 한없이 Sol 횡포 아버님 회사원 기조연설 오디 대검찰청 ##dp 단언 외야 핫뉴스 적십자사 급매 눕 ##감사 고추장 ##GI 어쩌구 ##LE 녹록 초심 BOE 망설이 내준 국제법 무지개 쌤 짊 386 인민군 지원서 양현 DR 빨라질 아테네 ##ner 관영 주심 연못 대물 물갈이 네일 선심 DLS 베개 연기력 실드 승려 시합 승패 신봉 돌대가리 빌리지 전반기 충청도 179 세무사 知 이너 배합 강신 자분 채울 ##생긴 땅콩 AMO 애리 ##ype 안타까움 김해시 승승장구 도태 ##러기 가산점 物 ##로이 생김 門 귓 저널리 기가 甲 원할 악랄 ##나갔 말미암 가릴 정사 ##어스 무급 버지 능률 책임져야 멍청이 눈감 ##어가 ##브스 이토 여겨졌 원어 배팅 체면 들이대 매달리 회가 랍시고 코프 어택 테이크 추신 어시스트 에탄 치켜 Des 타임즈 심경 바리스타 달서 아까운 페달 목격자 신민 여겨진다 유자 골목길 번방 泰 발주자 형광 싸이코 텐데요 그로 Apple 이질 희대 슬라 노벨상 매도우 qoq 광명시 호우 몽둥이 하나같이 자긍 미래형 캬 Smart JB 계망 명세 풀린 양분 출소 양정 교제 내려진 레이팅 생동 코앞 서귀포시 다쳤 불당 주워 득표율 수용소 징역형 ##티넨탈 한들 난치 건너가 관은 ##att 물산 허나 담양 ss 구태 Ac 악당 사세요 어짜 ##과학 는디 산적 CSI 박형 성품 터전 지나갔 들어온다 들인 충실하 개천 ##itt 피츠 서인 名 ##어티 당직자 헌터 타르 물러서 청담동 분석가 SB 기단 몸담 ##충제 ING 소송법 지중해 수의 산화물 접견 ##만장 ##uro ##잔치 어머님 알아듣 재혼 야근 왕세 ##FI 빼내 ##ated 공교 우라늄 끝없이 신용보증기금 오마이 ##로이드 때때로 근속 승선 신다면 판명 매경 친선 시어머니 후발 거늘 cont ##맞춤 NYSE 표류 LPGA 리자 안일 젬 중첩 위인 ##악단 몰릴 넋 김영란 찬물 태연 Sk 빌드 박동 늘려야 사상자 사라져야 찡 진흙 사우나 랩스 1946 모자란 Power 원도 안식 ##커버리 ##주택 연착륙 Group 요일 끊기 ##로그램 갑상선 폴드 오리엔 五 ##무늬 방크 206 永 칭송 善 휴스턴 내심 Univers ##지긋 3400 ##play 자긍심 ##하이머 Lo 번가 쳐다 차용 KODEX 통용 모모 ##FS 남극 누설 경륜 바삭 문성 ENM 끝난다 외교통 ##ym 위암 다니까 일쑤 뭉가 보호구역 흠집 번쩍 ##용석 중흥 지긋지긋 lh 로빈 ##올라 젠더 재평가 ##도리 반가 흉터 이우 맞선 질렀 구가 전자파 채광 ##에이티브 크리에이티브 토르 경동 향서 지방분 정예 문화예술 木 나루 우여 무스 물어뜯 아미노산 타로 갑작스런 박혀 발랄 묘한 내국인 발작 서운 ##천연 비나 파편 최고점 신호탄 냉연 화끈 픈 구주 과점 아워 洪 도화 하남시 가장자리 짭 화천 207 方 미녀 사명감 사용법 브러 제형 기형 부지사 명인 백서 한화케미칼 유람 당권 가업 건당 누드 깊숙이 영지 의료인 강압 하룻밤 응대 토해 모하 ROA ##나비 지만은 속상 ##부인과 신의 255 싸그리 대일 신대 추하 OST ##위성 AU 극장판 도이치 듬뿍 토사 엇갈린 발등 국화 아메리카노 사토 좌지 외계인 ##지배 VOD 가증 순종 창녕 휴장 와이즈 만인 다급 華 첩보 콘테 ##체육 한답 개독 ##눅스 북적 신변 웜 ##바르 만져 답사 ##차근 구내 차근차근 초고층 通 문지 dis 청계천 드럽 鍾 직행 한판 위시 패럴 협력체 됩니까 와도 야쿠르트 라는데 소란 저작물 ##명령 앨런 적군 중앙지 NGO 회계사 어묵 어다 끈질 판독 論 戰 시화 국론 갈지 AMOLED 聖 칫 요리사 등록증 계몽 민망 전환점 여과 古 Ser 이회 망각 약가 과소 홈경기 LT 각료 상쾌 이완용 신음 핚 다지만 훔치 Ap 외우 김중 달력 심근 오니 끝판 김건 치른다 탯 ##SS 제게 폭언 내무 국회법 깨달음 냉면 절도 광해 다문화가정 後 거래선 사절단 ##곡절 분홍 동양증권 없앤 모비스 조동 삼계 빗물 보여야 ##사항 다임 훔친 응찰 뒤처 개소식 자형 반쪽 ##태평양 담아내 수녀 추기 과외 보탰 폴리에 기쁜 남학생 튜닝 물색 새로이 희미 우여곡절 꾸민 MT 배지 이이 피아니스트 ##vent 쓸쓸 카풀 예뻐 알려준다 화훼 점하 옥시 담그 218 타이거즈 눈동자 KF 생식 불러서 쪽팔리 ##ose 는대 빅스 산부인과 동자 JW 놓이 리눅스 골라서 후대 ##러움 총영 ##십리 편곡 애프터 ##EF 아치 유모차 ##첨단 카디 블로거 화기 배신자 이북 위세 선후 비상사태 반항 스니 ##이동 최첨단 ##oci 스트레 JA 딤 뽐냈 설립자 명장 리카 5200 준공식 官 실직 용수 오른손 요양원 연명 경주시 반동 감량 마쓰 언서 ##자치부 행정자치부 ##촌동 경미 아머 오승 윤영 신일 게이지 모더 관직 경이 ##활약 여관 ##연구소 논산 온수 혼동 연골 끌어안 트레이너 추신수 선례 획정 운전사 PX 212 스톡옵션 돼왔 휘둘리 ac 자아내 강기 조공 수배 퍽 ##중독 애쓴다 다다 삽질 미트 마주치 가스공사 4200 메세지 트윈스 빈부 절개 성직자 ##문화재 유우 Sec 부적격 부검 광동 받침 ##결합 ##ley 박자 판결문 칼리 멧돼지 상조 하태 사춘 초연 유소년 춘추 세속 228 1080 토이 四 코일 소공동 측정기 ##ization 왕후 플러그인 단열 이통 종과 스커트 따구 장원 본다는 놓였 어려서 내쉬 다던데 봉화 사의 cap 이남 홍영 젊음 알아내 카본 DX 풍토 강관 ##천연가스 하구 BT IOC 축물 ##NO KIS 단부 상충 외채 한텐 우량주 여운 싸가지 고를 버크 ##오피아 기준선 에티오피아 끝낸 프리랜 욕할 정한다 뾰족 겸직 물러난 대환 ##igital 왁 광기 귀촌 궁합 권선 005930 떨어져서 가출 737 안락사 차차 막막 허허 先 1953 민첩 tf 워시 둔갑 선거인 조교 비우 ##틀리 악역 반정부 ##느니 209 외압 아람 어짜피 마음먹 짝퉁 그까 ##채권 ##트론 밝혀내 손보사 ᄐ ##전환 마음가짐 ##ti 안내문 Lv 뒤진 누리집 ##irst 다친 ##노동 나들이 엘프 세계무역 소견 Che 알아차 FPS 리라는 ##더미 도금 좌지우지 Trans 요르단 정맥 닙 맹활약 훅 ##착오 철강재 NYT ODM 에비 버금가 드라기 ##몰이 팹 ##야구 총살 시행착오 어려워졌 어용 담대 김관 ##서니 배낭 선종 엄한 275 라든지 연행 솔로몬 환시 정의선 도스 네스 원부 일단락 1949 780 기말 빼앗기 내편 밧 직간 말레 파열 느껴질 라더니 ##따리 태종 서신 숙지 암모 ##cess ##츠키 병동 ᄋᄌ 스크립 노블 수천억 敎 무례 ##큘럼 실마리 mb 담담 케빈 에너지원 연구비 토벌 퇴직자 독소 해본다 반공 맙시다 기전 업장 우성 리비 멸치 타국 ##냅니다 ##berg 마음속 다변화 청바지 출연진 ##랭이 비박 소닉 몰카 웅장 자동화 都 커리큘럼 엘리자베스 물려주 돌이켜 지으며 하리 때렸 벡터 스쳐 전년도 씨름 실렸 정운 드라이빙 석학 무비 에라 넘어간 석상 브라이언 ##웨이항공 티웨이항공 천정 폭설 222 라지만 기록물 선양 보여서 개탄 굳건 바인 음력 상승기 ##혈증 산후 몸살 순자 오정 ##gram 역삼동 Class 224 귀띔 맞섰 미용실 코믹스 실루 일신 숙여 로렌 스팟 영사 퍼블리싱 寺 울주군 쓰레기통 연신 ##애나 영통 서부터 다고요 울림 ##ern 분장 데님 휘청 살인자 ##부림 공사장 정돈 윤상 무승부 양승태 숯 걸까요 선다 최승 음악가 050 990 빈티지 ##타페 보따리 에드워드 사뭇 집권당 하역 216 프리랜서 치수 털리 수혈 CAP 중앙당 클레이 끼어들 돌아온다 프라자 이따 중환자 할애 짬뽕 달라붙 오인 나온다고 예식 960 ##절벽 부르짖 구운 충청북도 슬쩍 ##YP 수신료 학장 대표부 說 명제 NI 해금 활주로 이루어져야 급행 전산망 식중독 경리 박명 반죽 산청 밀어주 ##토토 예우 적기 호국 귤 궤변 정상급 ##이스터 자루 옆집 케이프 구마 소위원회 무모 열전 직간접 ##용품 사칭 차마 ##번스 요직 한국개발 오클 동해안 케냐 탐정 ##카이도 1955 보료 타구 차갑 재투자 계산서 모의고사 국교 헬리 할려면 ##닷컴 구세 ELW 틀니 信 ##하늘 섀도 텀블러 딱지 갖가지 준비금 세세 NCC ##분투 유배 애리조 중기청 애틀랜타 편승 라파 양일 ##vest 링컨 중심부 식생활 으냐 ITC 운전기사 오영 처절 교촌 ##ck 오라클 고단 분쇄 NYMEX 보여진다 제프 ##RD 매콤 ##푸스 패트 ##당초 양구 ##렁크 경차 자가용 황산 신규수 가져갈 二 평정 두껍 아프간 단련 IH 214 차후 김효 림프 견주 월말 트렁크 ##ogle UEFA 스키장 병자 보청 궁중 ##바퀴 정공 노랑 교시 aT 의복 호치 ##IL 붙들 쫄깃 다원 얽혀 Up 법위 합한 몽땅 한국개발연구원 윌리엄스 ##푸드 사르 야만 여하 ##ux 이랬 더딘 valuation 바이크 대등 Joh ##소니 지름길 약제 730 헤라 ##티콘 박희 경향신문 WW 그린벨트 영업자 작업자 나돌 두들겨 독일어 간밤 안구 이보 초조 누수 삼정 대요 축구장 꺼려 밀라노 경복궁 FS 제네릭 때린 조직원 ##슬링 이해도 ##삭기 스포츠토토 記 결별 現 에이전트 산원 PG 고속버스 애착 쓰래 후속작 방지법 타이완 김동연 잔재 아팠 패션쇼 합성어 213 Mac 으니깐 헤비 둥근 티베트 파멸 SEC 조르 간간 어떤지 배스 226 데려다 경쾌 장타 商 무도 NT 김신 모공 ##휴가 연하 반칙 기간제 진단서 당겨 집적 췌장 즙 res 성년 ##킨스 특판 매출채권 순유 풍산 기념사 곶 공공연 760 나락 맞은 Red 사춘기 크레이 공소장 시외버스 ##추얼 쾌거 HT 연봉제 ##지마 김여 녹스 허덕 간다면 es 제빵 검체 샌드박스 패했 Li 스타크래프트 풍년 610 양복 출산율 콤비 극명 앞쪽 신시 난다고 id 사회봉 ##미아 ##ve 몸체 샬 El 2040 까마 바이오팜 사령탑 미지급 아쉬웠 940 치약 ##티티 피플 대장암 사노 기색 스케치 ##오피스 주적 합법화 ##구치 MBS 계측 ##워즈 아슬 폈 부안 가져갔 이근 이쁜 저울 ##호영 Elect 레이디 1958 굶주 유적지 액화천연가스 ##ne 폄하 ##랑카 맞은편 수용자 칭호 체납자 Pol 유흥업소 관리사 제비 ##por 열렬 나프 Day UV 호세 223 도데 추기경 근린공원 교통수단 라이온즈 루마니아 스카우트 거물 회부 꼭대기 ##배기 개명 이걸로 Micro 820 주조 한컴 部 유총 건데요 해이 배척 켈리 연희 기정사실 빙수 유유 실루엣 원론 연한 햐 福 299 ##공격 ##land 범법자 ##들인 맹점 가스전 4300 금천구 빨개 ##어음 연매 판소리 모유 외쳐 격추 매니아 UC ##대사 얻어 초년 동이 라이센스 ##누르 구스 군정 투싼 USD 진솔 작업장 문사 계상 집요 갑시다 EPC 들였 은닉 검경 개당 면회 양손 근성 깨우 1959 이기주의 카네 싼타페 기이 퍼레이드 ##소싱 한국사 할텐데 imf 피카 솔선 쓰러진 나폴레 아웃소싱 페인 최경환 당직 동맥 운하 플립 김소 노브 독선 가금 닐슨 디언 외로움 크리스토 뜯어 ##line 는지요 된다면서 스톰 암컷 비자금 탈루 개검 의논 방법론 깬 카즈 트로이 눈깔 ##도전 선우 자활 소다 내딛 간지 뒤집어 하버드대 퍼트리 안재 으셔 색출 이격 의인 영남대 전멸 탄약 사천 신빙 보청기 구구 리안 1956 바꿔서 추수 담수 변종 트레일러 ##게더 ##라마 거느리 퉤 갔다 이혜 캡틴 탤런트 고함 낭독 가덕 미연 저층 핑장 박스오피스 더미 마칠 제보자 끼리끼리 투게더 Per 다룬다 유리창 성조 ##ergy 굴착 출항 청하 지준율 밑바닥 신고자 상경 세난 분출 휴양지 의기 노량 통한다 굴삭기 ##더슨 구명 외롭 무혐 현시 여주인 3900 무한도전 ##자치도 제주특별 제주특별자치도 앙상 황기 에로 하이텍 재능기부 리더스 체증 변기 코스트코 九 4400 국민당 나눠서 릭스 사투리 협찬 트릭 디스커버리 ##박질 쾌락 과금 ##쿠르 배상금 상어 광공업 폴리머 반짝이 ##app 사회생활 ##me 사과문 폐하 옴니 동성애자 괴뢰 415 노회찬 트립 사익 USA 회개 노점 재고량 특단 크래프트 떄 1910 적색 그림책 석권 ##자키 퍼뜨리 공적 나폴레옹 후원자 낸다는 빅토리아 iot 사부 줄까 보인다며 불기 귀결 빠져나갔 엥 소도 혐한 규약 어울림 안전장치 생리대 성악 블리자드 스케어 리코 장어 수식어 특수강 ##대원 서약 환하 NBA 고산 발끈 떠난다 도사 명중 에어백 시궁 원주시 데크 독식 후려 ##레오 놀랄 어벤져 반열 라고요 진하 ##리얼 노무라 ##캐스트 vr ##NI 커플링 KL ##utral 낙마 黨 예단 막아내 en 비대칭 남향 주택가 학생회 화백 院 ##비어 ##규어 je 사재기 앨리스 공공시설 테리 김보 일궈 방황 벨라 륙 사적 다더니 먹방 ##발트 방배 무의 발포 세계무역기구 자락 두어 명나라 미티 ##진흥 ##lear 930 밴쿠버 보루 매춘 좋아한다 ##검찰 春 망가지 ##영화 뒤바 ##ience top 온누리 도미노 니코 수컷 수뇌부 관청 억대 수목원 따라오 고군 진격 축협 한산 추심 제각각 주거비 SL 담사 AMD 도축 튕 이계 ##기념 ##기술센터 코리 농업기술센터 대별 싸운 ##결승 두세 무림 ##차기 소인 멈출 조강 남궁 보가 출범식 ##치아 딜레마 연습생 HMC 레터 정준영 승강기 1919 840 ##림동 프레젠테이션 방심 태화 섣불리 ##나르 식스 무너질 위자 창궐 팽배 암기 고의로 세차 하지 범하 저수지 Amer 미키 ##arm 親 ##alk 브뤼 ##시즘 ##so gm 217 지배주 되돌리 판단력 재정절벽 ##축제 ##카이 가옥 나토 어려워진 줄인다 ##덴티티 710 아이덴티티 취합 레바논 받아 ##갈비 서너 역겨 도전장 수입품 클립 221 Inter 뺄 망친 민트 스탈린 재규어 그랑프리 이코노미 장상 선입 아틀 무적 RGB 혼합형 단층 일사 무르 ##내려 880 복안 희소성 ##들레 지선 TPP 모를까 희비 건너편 날조 이토록 접합 ##ency 설렘 하류 per 740 떡밥 뺐 순천시 안과 전자레인지 즌 소라 복식 진급 슐 항문 흘러나오 무보 ##츠하이머 ##ble 알츠하이머 590 920 묵인 디딤돌 쿠페 my 아로마 Data 매점 치하 의견서 ##수소 Big 생겨난 발인 용자 ##저축 테르 급사 단발 유명세 이형 알렉산더 4900 연수구 화신 그리스도인 edaily 민변 Mobile ##문고 ##스트로 ##아티아 통찰력 크로아티아 하이드 달아나 버려진 들먹이 인멸 즐비 결연 자성 대시 일본식 각급 두리 3100 期 앉혀 대표작 순창 파이팅 소회 착실 목숨걸 국문 연주회 DP 청구서 싱크탱크 근심 초교 사극 회의록 부동산업 ##거름 오르내리 컬럼 ##NC 성패 컬링 파출소 적화통일 ##결연 너그 pick 쉑 치환 자매결연 구금 주소지 베인 ##연금 노년 양동 니티 성가 하임 엔지 감가상각비 ##AA 4600 태조 가까스로 성신 당파 비워 넘나들 ##지휘 수긍 Par 벌려 234 制 대산 車 ##rol 스크립트 자며 레이블 Min 하의 죄질 기로 233 ##EL 건넨 인준 매달려 퍼붓 수사대 지반 객사 눈부신 마사회 필살기 온다고 준거 사들여 詩 지으 인천항 번번 평온 두산건설 초토 ##태섭 악한 ##쓸이 부원 PGA 내분 ##버스터 묵직 영화배우 ##OLD 사비 듀스 ##지근 특산 개똥 멜라 일전 봉합 베어링 진짜로 버지니아 볼리 가창 770 AWS 신명 스파이더 누이 마하 율법 골치 립스틱 비무장 갈망 랜딩 ##상조 MLB 프레스센터 날린 박이 하이테크 아이비 딜링 비빔밥 케이블카 휩싸였 총출 싹쓸이 완장 Center 생계비 강재 부엉 결손 ##교도 모기업 영업력 이동식 일컬 나타남 도이 Service 팬텀 강북구 이글스 Prev 달릴 깨져 ##런치 한탄 배심 ##슐린 다나 정승 ##식물 ##oth 황이 ##드래 화주 231 돋보였 충주시 ##yt 번호판 인단 대니 직군 거동 ᅲᅲᅲ 도데체 댄다 부유층 대상지 깅 전미 ##AP 양궁 해져서 ##면서 천상 처신 휴면 숙주 재회 1954 능숙 니시 ##저지 이라든지 피해액 네거 스팅 그나 Si 業 333 ##엘비 스캐 미카 아다 유고 ##여객 괄목 미진 수레 사활 무어 빌트인 아크릴 고평 명지 별관 860 제하 던스 ##짜기 238 애용 표지판 반년 조서 천호 베토 PT 발화 매혹 루터 시찰 몸소 염치 산뜻 질감 알렉스 ##당선 디톡스 크레디트 발라드 타다 구미시 대구은행 정상회의 비선 안중근 다릅니다 風 신라호텔 ##리학 인슐린 FX 시궁창 ##소닉 가래 어수 저럴 방카 mou 가도 한결같이 합해 Eng 쌍용건설 ##크라 소시지 합금 다이나 기압 당첨금 탄수 이끌어냈 소용없 Not 떵 스크랩 ##OR 취록 운전석 개보 환급금 ##호흡 속담 마리나 Life ##어드 당해서 나온다는 명가 ##uck 판시 ##타로 차남 활로 ##바키아 인버터 비주류 ##렌토 부메 시스코 으로선 ##차별 미들 나아질 1957 대서 지망 식초 도봉구 오성 ##꼬박 열혈 Hy 말살 ##aster 화약 어벤져스 공생 뜨거워 안쓰 1947 염기 부서장 꼬박꼬박 로버 관리원 입김 노동계 피해야 든다고 사슴 fta 네거티브 유분 ##국장 게임기 칫솔 ##넌트 막스 안상 인분 줘요 발행가 준우승 평했 세계일보 중금속 ##중기 총경 공학부 ##파니 치루 ##시계 한다니 모리스 기와 소지자 ##ings 부메랑 박민 백운 라가 報 Play 게임빌 ##멘스 저급 졸업식 ##oom 고국 gr 놀라움 쇄도 244 블록버스터 웃겨 페스타 비꼬 이동전 에반 ##ao 보아 바자 흥국생명 드려요 ##자락 신조어 현기 지낼 ##메스 243 뉴저지 POP MoM 짝사랑 천체 ##ible RC 출액 폐차 극소수 동무 중앙아시아 ##ane 군함 무증상 인디언 CNS 쌍방 ##민턴 다분 ##십니까 이학 교육자 ##elf 고혈 서예 NFC 돈벌이 계집 공공재 GO 볼모 상대국 十 재조 핸드백 허점 막아 재촉 RBC 공정성 동아제약 남길 조광 河 꽁꽁 수족 ##ient 측량 내사 Em 로밍 에이치엘비 ##불명 티지 정책금융 바젤 근력 하중 자켓 팔꿈치 유태 265 뒤따라 ##바위 ##신호 go ##뿌리 AAA ##uk 변함없 두려운 ##서비스 식욕 출입문 시라 ##혁명 Green 투표소 그리움 ##조치 편해 ##봐도 인계 San AG 전문대 국무원 탑승객 봉급 펄프 발신 증착 폴라 ##웃음 뮬 복면 업인 콘테스트 아재 빈민 서두 개진 불린 까불 227 소실 레트 hy 초소 허영 알제리 ##모어 귀추 뵙 열세 차린 국민연금 요미우리 ##tr 기우 pm 통닭 ##IB 스릴러 라야 생강 전세기 ##변이 Neutral 어려워질 게르 때론 평가전 나선다는 부산물 획단 활황 해부 단체전 쓴다고 잇몸 ##드래곤 페트병 거머쥐 현충원 ##습관 제곱 GV 돌연변이 흉악 절묘 식습관 로인 탈레 원성 ##FF 퍼펙트 CL 김철 칭했 녕 훑 산간 떨거지 9800 순교 배설 로시 코발트 대청 선율 확인서 ##폴리스 뜨거웠 ##플러 구례 절연 증평 찹 웨스턴 비엔날레 시킵 연방제 얽매 인스 크래 830 조인트 간암 UP ##프레소 단맛 함선 프랭크 ##자동 반락 ##레일리아 우러 Energy 버즈 본받 ##니엄 직경 썩어 게으 외무성 Google ##창수 시베리아 경구 꾸몄 스루 ##브이 챕 모국 포레스트 ##받이 양재동 죄수 버젓 과부 방재 ##토류 문고 장도 트램 총출동 희토류 필로 갈릴 빠짐없이 액면가 어쩐지 캔디 해짐 970 나부 쐐 찌그 Inst 포대 투표용지 행정소송 배드민턴 體 sec 君 유증 ##티노 읍니다 ##그라들 연평도 淸 야수 상한제 구정 천식 ##conom 퓨어 MSI ##모리 현판 까발 메이플 놓친 요괴 드만 암모니아 독단 스포티지 아리아 장재 회자 여름휴가 라스트 엄두 민간단체 ##렐라 타도 호들 왕세자 승화 시큐리티 실익 굴뚝 소드 分 팻 하급 난동 편드 수여식 심폐 진다면 연천 블라디미르 ##장고 개한 전쟁터 bm 준결승 전유 꼭두 반듯 ##MG ##곡점 컨트리 메트 애호가 마모 ##ubl 리라고 CIO 변곡점 껍데기 삼계탕 모자이크 治 월화드라마 박막 제련 조계종 본데 나불대 포근 신분당선 ##믹스 ##서블 장난치 意 219 셉 점장 장바구니 지스타 파나소닉 유성구 판세 재무부 690 모종 벼락 다진 로다 우와 악법 자이언트 ##yle 서핑 ##hc 박통 무더운 와이번스 다뤘 다이내 고해상도 유제품 줄거리 810 바흐 곤두세우 티슈 글루 부끄러워 264 왔었 예비군 렬 Rec 오창 조윤 카바 뽑아내 더니만 ##사이클 호로 목욕탕 부대시설 ##ound 가르쳤 클라이 놔야 애견 석면 ##민호 난제 ##혜진 일용직 영조 사하 정모 지하철역 베토벤 케네 다방면 브릭스 뒷전 준칙 건자재 ##중간 인내심 ##기능 자명 吉 장충 따까리 강습 리즈 태어날 ##니카 빚어지 정동영 광원 이춘 초록색 밑거름 ##ict 놓쳤 CGT BY 망라 종단 콩쿠르 풀릴 마피아 구부 ##저래 대추 지팡이 달달 래프 생보 융통 분향 해왔으며 다각도 ##레드 당사국 한영 화증 대진 대대로 선반 김원봉 송년 메스 TR 하얗 채찍 함평 홀드 치욕 아랑곳 헬멧 페르시아 ##네임 건축비 숨쉬 중식 간질 소강 호두 내공 이변 비엠 지아 기념사업 건축사 마도 폭도 빠져서 ##훼손 소형차 였으니 기업어음 도리어 성벽 숭고 ##ycle ##포스 CK 하자 경도 찌푸 comp 조아 one 산다고 안함 ##위병 실검 ##매장 수매 판국 직물 회장단 불태 ##얏트 하얏트 기억력 북한산 Art 속아 짜장면 오름폭 영부인 周 이모티콘 얘길 거처 악명 코메디 ##방위 월래 바쳐 일절 강의실 銀 핍 윤지오 도넛 252 던질 士 푸조 ##지스터 살충제 대학원생 유라시아 gdp 안치 315 카프 타스 알려야 배기가스 위증 적외선 특례법 QLED 부국 진두 뜬다 5600 서식지 대파 라이너 氏 룽 배트맨 냉철 불어나 길목 用 AL 트랜지스터 APEC 구토 매립지 신관 쿼드 實 뻐 스탬 방가 명예훼손 반월 서바이 쌔 ##les MBN 플로우 취해야 고품격 불러올 지날수록 외투 장하성 Bank db 사쿠라 원청 예리 인공위성 액자 정종 요구사항 딜리 호들갑 블랙홀 ##박혀 봉기 쌀쌀 찬란 ##formation 넹 옮김 눈치보 시사회 광산구 서거 所 노가 인산 껑 야비 열중 돌기 ##제국 렌트카 오스트레일리아 친족 ##지방 미워하 넥타이 원예 청송 ##let 월남 탄원 희생양 응방 썩어빠진 고학 합작사 모자랄 가로등 말린 줍시다 ##oss 일개 시스템즈 고귀 정치가 ##무시 획관 출사표 조재 슈퍼스타 ERP 오아 두터운 이권 피라미 학번 우루과이 을라고 스페인어 올랐으며 켠 흐른 입혀 양립 홍석 말년 수목드라마 ##섬유 패스트푸드 북송 236 외침 함경 소리쳤 뺏기 ##던트 이인영 정치검찰 역도 원어민 ##영향평가 환경영향평가 흐트 데려오 친목 리보 민원인 수리비 미셸 연연 홧 값싼 관리인 소모품 아동학 손주 오텍 자서 ##소시효 253 fr 영성 no 산사태 간대 난사 아산시 박사모 ##케이드 울프 네이션 파헤치 공소시효 유실 몸부림 줄여서 주치 챕터 갈증 김상조 TB 자금력 尹 중전 스프레이 기묘 흘린 스니커 ##ins 세르비아 304 미필 붙잡혔 핼 열량 상담원 누명 유부 돌아설 만한 이동해 애요 항변 이뤄지면 과속 탈레반 케이티 ##미스 술자리 icon 241 천둥 교통량 237 꿰뚫 株 集 추징금 미신 커트 과천시 왓슨 Pet 초상화 司 목상 내려서 읊 동의서 벡스코 와이브로 열거 함성 정부안 모피 합참 기사단 철면 밀어붙 피니 ##거품 갈아입 ##벤처 국민회의 음란물 6800 봉착 스콧 권했 한울 어드벤처 수영복 연석 ##수범 시들 ##시네마 게을 최고위 수재 발톱 쿠쿠 찾아다니 325 조한 직불 ##구려 행한 who ##들아 ##던지 지울 유추 서랍 사무직 항아리 거행 라이스 공산품 실권 노년층 성모병원 조두 고스톱 이윽 IPS 합쳐서 Digital 표상 870 246 중론 벤트 태반 낙점 비키 ##냉장고 이용해 국밥 중생 ##해튼 JV 떠올렸 행시 대학가 드나들 위기관리 원흉 이디야 이윽고 내용물 ##하장 오오 세안 집행정지 밥캣 봉건 나프타 가오 둑 부치 레닌 경치 가교 수임 원비 침체기 컬처 4700 몸짓 이카 독립군 승기 스케이트 ᅥ ##iver 239 ##텔링 스토리텔링 서스 ##이익률 탄수화물 유찰 음식료품 총이익률 285 부스터 이태리 IV 머금 살상 단락 러쉬 따스 林 위급 마크롱 적반 강연회 ##ty ##조정 동독 수트 229 오거 퍼진 능선 황후 맨해튼 단수 바꿔라 임실 커피숍 To 이러다 HE 물꼬 출렁 정부군 그려져 쓴다는 예감 왕래 ##커피 연마 죄악 마이스터 걸치 김치냉장고 시가지 자라나 ##자치단체 혈중 발짝 산동 행각 ##지배구조 시중금리 기업지배구조 姜 MHz 솔선수범 ##쿼리 보세 잠겨 보증서 1588 266 김근 레즈 성토 승부수 ##NT 保 지미 약서 고군분투 피임 윤활유 축내 국민회 ##ike 수석대표 ##일비 PET 음료수 연재물 자갈 소치 넓이 ##대표제 5300 예절 예멘 입항 싸구려 한국전력공사 뒤섞 부조리 내뿜 증류 황토 쫓기 롯데시네마 합체 병무 애교 볼일 ##란도 끼얹 개강 종점 마운 전관 친지 카페인 led 레슨 건다 궁궐 발정 장구 참나 통안 젂 ##꾸라지 내려다보 직수 망원경 코스콤 Euro 한하 원종 까스 이동하 두목 경계선 벌크선 ##eed 선취 잔당 쏘렌토 억류 케네디 8800 바랐 그지없 DMC 사간 249 Bre Mus 크리스티 권혁 들판 닌자 ##셍지수 항셍지수 할로윈 ##연료 회유 이회창 수화 낱낱 유이 곁들여 미공개 슈가 ICE 블러 의례 캐스터 우두머리 메이지 극성 분통 진흥회 아수 계십니다 1952 임야 ##겠다 루블 ##마당 교외 動 카르텔 심보 Value 피칭 창작자 ##너무 복싱 무시무시 몰라요 몰살 분경 憲 제청 누스 288 쇼트트랙 옷차림 켓 기프 방전 소나타 천진 ##cl 내야 깜빡 시발점 디스카운트 BJ dr 시모 숱한 254 언뜻 LIN 넘나드 게리 CAC em 차상 노면 상술 적반하장 큽 영상물 爲 강탈 HI 가늘 사행 두근 무릅 윌슨 사교 아리스 GWh 파국 품평 학교장 개각 추한 서클 핵연료 정명 佛 바친 김덕 주채 무얼 싸늘 부평구 재조사 건재 계실 짜여 ##irect 신격호 홍보물 예금자 교통비 공갈 독수리 김학의 리언 진주시 정파 비례대표제 ##유리 구약 리바트 받아들인 쉽사리 실탄 ##말라 개망 종래 차환 로리 끄덕였 花 단파 ##줘야 DO 전임자 바코드 올라선 태권도 유창 낙원 PPI 作 경호원 못한다고 껑충 당명 수산업 OB 접해 인구수 역과 저유 포커 기행 원익 면죄 살인범 현미경 맞춰야 위엄 홋카이도 ##일기 문희상 Ge 빠를 ind 5800 ##리사 ##HA 고뇌 싸워야 Pick 인들 삼화 비켜 조찬 들으면서 ##멋대로 장단점 현정 노량진 별반 현시점 창시 뱃속 징글 府 허탈 투병 상소 강박 말끔 셋톱 셋톱박스 겜 ##ont 병들 열띤 늘린다 래스 쟁취 피디 Tra 황해 응시자 ##은혜 발각 ##gan 마요 이지스 초밥 ##오른 맥쿼리 ##둥성 ##러치 타지 권리금 흐려 계엄령 영변 ##코프 그리도 장판 한문 세출 김봉 ##앤락 락앤락 팔찌 터트리 경험치 RS 터스 인천광역시 ##그래 나지 이재민 지프 청동 DAX 페미니스트 원희 출근길 광업 ##그림 약혼 띨 多 후미 AFP 행인 면허증 사고력 오존 355 마운트 트러스트 습성 선후배 5400 통곡 후견 피격 늘어남 수양 적국 브뤼셀 서천 일률 신라면 유람선 살펴봤 포구 적층 Open Met 극좌 졌으나 철면피 묵시 해서라도 Technology 막혔 임계 방정식 정육 화고 라디 여의치 윗선 기출 파나마 톰슨 한의사 스리랑카 벌어들인 LX 출자전환 ##기준 890 지닌다 死 족발 나고 미운 안위 디트로 디트로이트 잤 떨쳐 소굴 노보 부산광역시 단번에 온화 운정 pre 242 나팔수 萬 장초 고스트 대꾸 셍 네이비 마가 갈치 알아주 이뤄지기 ##유키 끝낼 Sum ##마음 ##아산 ##피자 남동생 조선호텔 두통 큽니다 주어졌 야경 쓸모없 ##폐물 무협 Cons 리트 충칭 ##림픽 드러낸다 ##레이크 아꼈 서킷 Management 모사 치명타 産 기병 내추 성탄 본색 미츠 멀리서 ##주부 파운데 파운데이션 상암 특목 한데요 들려오 프라이드 매화 열도 day 논현동 302 가정폭력 강용석 반부 ##하키 여라 유조선 동승 구타 어뢰 강릉시 드릴게요 포메이션 수선 力 뭇 테헤 시무 라이드 Business 못된 피켓 박테리아 알콜 Star 백미 청자 장녀 뛰쳐 잔소리 품귀 별지 ##ors 꿈틀 센싱 MI 줄께 ##파일 주진 ##ᄏᄏᄏ 명작 ##버시 도도 급성 윤기 ##위원 익혀 회비 밀려났 ##연시 뚫린 홍위병 바겐 使 단비 따질 DF 안성맞춤 ##ouse 5700 만든다고 뒤편 ##now 뒤쳐 연말연시 너비 비화 슬립 카다 북대 위자료 속셈 kW 피처 불이행 ##배추 조주 왔다 테헤란 자본재 느긋 수도원 둠 조급 합심 KD 항공모 사무처 고농 음색 순환도로 순탄 눌렀 최동 감독관 기발 TIG 졸음 켜졌 Win 통할 기득권 타마 자족 Sw 섬나라 247 Research 로션 저항선 출연금 신예 프라이버시 커넥터 Free 핥 도요 ##orn ##각시 자회 ##fa 빈자리 챔버 유니버설 기축 체이스 중거리 ##레트 석고 두르 승장 어류 내추럴 248 하태경 온의 효도 뜬금없이 기사문 수류 폐허 지급액 우르 키워야 인민재판 전해질 ##경영자 ##링턴 개항 저물 이라든가 황폐 휴양림 최고경영자 申 성씨 스택 쪽지 예고편 구급차 조망권 기장군 빠져들 내려다 밀려나 ##럭스 화공 ##회전 필승 롯데칠성음료 ##조림 육신 포고 아작 CIA 매겨 오락가락 Trading 스로 RMB 이홍 판별 본격화 초년생 고어 노렸 방범 안토니 대마도 뗄 버젓이 HR 지멘스 htt 오퍼 은행업 낙엽 일면 ##ews 남동구 장정 살아날 전도사 캔버스 잉여금 트래블 드셨 농림부 패킷 영국인 STA 쓸데없이 제수 ##자원부 매료 순응 선위 산업자원부 치러야 ##께끼 수수께끼 ##저나 독서실 gl 790 김현수 305 아웅 악어 251 판치 드려야 ##read 그란 쐐기 너무너무 어조 누른 SMS 김양 다가서 6400 약보합세 빈곤층 ##회관 선거전 ##나리 연회비 나위 국립대 움켜 더한다 난다는 남로 리소스 통화량 젯 Rob 뒤돌 분란 편광 얼핏 오랑 스니커즈 영아 동족 Overweight 서독 ##원수 501 대양 안장 매장량 투기지역 우미 CMO 토렌트 어울린다 선거인단 싸지르 써니 001 ##변속기 바닐라 감춰 송수 나올지 ##ety 시금 Black 험한 그나저나 성문 부추겼 ##EE 쟁의 콘스탄 샤인 허덕이 합의서 몰라라 플래티 배역 속삭 단시간 빼돌린 테러리스트 플래티넘 GPU ##무새 덕목 마야 벵 계장 어우러지 초원 환입 태클 ##문서 ##해하 가까웠 질까 ##래드 알렉산드 콩고 앞세우 안감 거니와 榮 ##맨드 코아 한대 변한다 학벌 IDC 속마음 수갑 생동감 5900 시몬스 떨치 시달렸 불러오 고분자 ##무치 이찬 아플 수로 쵸 부풀려 물놀이 편집자 雲 아찔 편취 방언 갈기 조우 헤드라인 피보험 케리 깨졌 염수 첨가물 그래서인지 월북 병장 IRS 스타워즈 여주인공 가와 탁자 점유율 구심 들이받 맞음 586 최현 박선 공덕 윤성 기무사 도가 착용감 ##가내 ##아르 울렸 급매물 777 기웃 포브스 겨운 카메 MIT 러셀 루즈 온다는 HOLD ##eek 서스펜 싸이월드 세그 발전사 비평가 행정명령 악행 Analyst 쥬얼 게릴라 공산화 노멀 껴안 자중 예정지 패럴림픽 맴돌 문란 ##즈음 하비 과수 인데다 ##itch 탁상 사교육비 1951 똥물 진두지휘 ##티어 아이스하키 토하 논설 7200 가자 선대위 혼재 연제 개폐 클러치 달째 토요 백조 ##ule 살인죄 렉스턴 킴벌리 리전 2027 아무개 龍 클락 기치 ##앙스 원당 투영 마티 요격 얻어맞 빠진다 아우성 조두순 청호 ##ugh 알로 볼까요 아이슬 富 Ste msi 끼쳐 잊어버리 서지 코스타 295 묘역 릉 관저 이대호 이만큼 식재 미제 사병 감정가 그레이트 ##그마 경계심 이정표 ##푸르 다신 아베노 고성군 WP 세그먼트 War 물류비 에디터 김시 리타 폐사 봉준호 ##단다 RT 말문 종용 Invest 지열 ##oud 거트 suv 아즈 ##중국해 해리스 술부 다윗 틀림없이 아이즈 페스 하물 보톡스 부러워 틱톡 호치민 발하 기초자산 어수선 ##보리 시에 팔라 글고 스며들 아트홀 간사인 ##PN ##진다면 다임러 둘러싸여 아이슬란드 釜 고척 놓칠 ##hone 웨일 SRT URL 바티 NPC 역차별 테크닉 ##치산 Project 칠곡 앙상블 되돌아보 Hot 스트레칭 프레이 닥친 375 펴낸 못합니다 910 비지니스 들끓 시약 손오 바야 off ##사르 돈독 서대 미추 세원 음모론 出 풍수 ##창호 대칭 수액 함박 초인 찌꺼 변비 프롤 line 역습 튀어나오 트랜드 패자 항공모함 제리 ##ube 나날이 TIGER ##ush 데코 자서전 한남동 ##미사 ##EST 뉘앙스 ##나스 금과 테레 군산시 꼬투리 모아야 적나라 안랩 미워 따돌리 한빛 다가갈 였으면 Unit 자자 우려먹 콜린 겸하 랑께 이분법 고삐 호시 NHK ##수아비 쓱 통통 놀러 일문 국빈 슈퍼맨 서바이벌 기약 발단 들려왔 프랭 납기 실린더 허수아비 노련 에이지 스포츠카 상판 토모 빈약 통진 ##초리 257 구상권 인기몰이 ##ye 기물 누진제 명쾌 311 정병 달서구 서희 로이드 모차 미관 ##osit 뒤흔들 안부 마닐라 권위주의 피라미드 서상 272 기내식 경증 피서 성욕 아아 min 기네스 간곡 런닝 왠만 소나기 아폴 어두워 ##드기 엑스트라 주체사상 급제 배반 cs 서동 무학 안진 트롤 쓰러졌 찌꺼기 에픽 ##위생 신저 030 스코리아 겸허 되살리 꼭두각시 삼키 전언 날치기 ##코웨이 웅진코웨이 ##위대 ##플레 윈터 fa 시기상조 되새기 판매처 떠서 큰소리 BD 원양 흔들릴 강보합세 ##국제 소충 함락 다이소 둥글 로망 맞춰져 법조인 이정현 정례회 만류 ##꺼풀 여직 양주시 정해졌 궁지 노약 포탄 태운 편협 바라본 빼앗긴 운사 JYP 부엉이 도맡 매실 외무부 손오공 최상급 모가지 풀렸 끌어올린 비고 저당 파운드화 어울릴 프로덕션 없앨 성수동 근사 가식 정희 ##콥터 씌워 작금 퀀트 던데요 농락 ##문화회관 움츠 격돌 도료 물티 일과 험난 메리어 허세 구질 소매점 용시 박은 유례없 흥덕 날카롭 거시기 풀어내 세종문화회관 쎈 ##캉스 전시실 눈먼 277 바캉스 구도심 cnn 선제골 UF 이머 선구자 외교통상부 ##트니 기린 jebo 데시 동강 포도주 포유 ##수도 우먼 소용돌이 솥 비상식 교직 수프 팍스 달아났 들어라 뉴트 아파서 ##UT 김의 중용 재조명 최병 야망 의석수 가가 필요시 모여들 帝 기권 끓이 선처 카오스 민자당 愛 생산직 장갑차 262 그리워 정우성 중랑구 자상 스텔라 인심 ##마루 NB 천도 함영 역주 ##김치 갈까 키프 부딪치 인버스 군비 스탁 261 니콜라 는지라 전단지 모서리 ##국방 ##연수원 다이슨 City 국책은행 외양 ##카메라 발전량 Gb 273 차명진 ##여서 보유국 ##자루 하물며 피셔 인화 닥쳐 느라고 물티슈 이륜 태자 정치학 한라산 ##팽이 미니스 cd 송중기 객석 이준석 3040 셀렉 넘겨진 광주광역시 였음을 나랏돈 상속인 ##세라 엑셀 ##나갈 NDF 경쟁심 사법연수원 ##apan 직방 끄집 전생 412 툰 Love 챈 ##보호 258 徐 다이어리 산국 셸 밤중 무릅쓰 그름 ##미리 운세 탑승자 토미 ##징마켓 이머징마켓 hd 스완 이승엽 복당 주간지 NASA 아몬드 Vo 한일 펑크 ##교동 후행 여서는 cg 덮개 심천 금천 민요 공부방 ##불위 시백 ##oph 체장 곳간 무법 허다 도드 의왕시 졋 뭘로 반반 It ##워야 안병 ##ific News 툭하면 기입 윽 굴곡 급선 만년 웃긴다 HTS CIS 의뢰인 키오스 부릴 가인 에탄올 싱싱 요식 조끼 ##아슬 통칭 축전 아슬아슬 ##cr 토핑 夫 분뇨 한다거나 가속도 ##질서 Vol 영양제 떠오른다 상체 내려지 나래 지노 들어간다고 星 가왕 대리운전 신기록 1944 안드레 비젼 여고생 라구요 치졸 근교 헬리콥터 나을 책임져 최민 321 죽인다 삼립 지바 거침없이 특목고 뽑아 기관차 전체주의 ##의회 엑시 전학 면죄부 ##메드 고주 아유 村 못사 263 법치주의 십상 교착 ##wd 빡빡 피닉스 수문 비씨카드 받아들여야 ##정동 역력 도이체 사회봉사 태양력 쳐들어 ##벼락 어가 홍영표 가벼워 근황 치였 페놀 홀리데이 심의위 쿨타임 Home 멱 ##WA 274 노망 난장 역경 물씬 ##노버 빛깔 피츠버그 ##eep 위트 파전 콩나물 공성 오보 쫓아내 박탈감 대리석 하모니 ##임수 YO 한국자산 FP 시녀 동사무소 뭡 과업 타치 1937 송유 아자 근저 숭실 예술단 설상 ##ana 312 양키스 등용 다섯째 ##ons 성범죄자 심부름 命 깜깜 전병 6600 피리 시오 티타 프라이스 부침 268 HMM 개회식 원외 정취 산자부 284 이용한 ##ional 리얼리티 ##제르 발가락 행정력 ##evelop 기념비 구설 변덕 성행 성관 데카 후일 흡연자 쩐 고은 라트 나일 동갑 은신 고환 발렌타인 겠다는 수류탄 이뤄낸 ##공간 ##텍처 ##행정 아키텍처 모성 정일 첫발 정박 오감 주량 밝혀져 무형문화재 짜장 노후화 프로그래머 Is 女 이뤄냈 다이노스 돌아와서 이래저래 산학연 갈매 구찌 자부담 수군 해충 MAX 왕족 킹크 몸싸움 고원 넘어오 뎀 옐로 ##다발 해프 고용주 276 리사 ARS 김부겸 성심 UX 절호 대행업 FF 쌍욕 탄광 기공식 III 가지가지 전북은행 희한 양천 전조 숲길 ##que 형강 느니라 면하 할께 스포일러 구축함 한중일 한테서 명세서 ##way 국자 울부 포니 남이 MWC 가의 우시 했을까 te 콤팩트 셀카 카미 빙하 평지 한스 최하위 선입견 코나 들여오 알람 애틋 308 7800 303 숄 스타일리시 유승준 후덥 269 시킨다고 얍 공전 광선 ##학생회 911 뒷돈 리워드 스탬프 진가 두드러진다 고시원 교육대 부총장 총학생회 장가 Network 상록 부풀리 살펴봐야 ##ress ##이스트 思 피어 ##분자 지참 집안일 ##주곡 생육 킹덤 6700 박찬호 Bas 팬클럽 워라 덕수 빵집 스텐 크리티 267 저널리즘 손대 연령층 자주국방 ##ocial 따라다니 ##PO ##퉁이 UCC 토픽스 식도 분업 ##바라기 man ##GR 문과 범퍼 순정 Long 가면라이더 뗐 해프닝 iPhone 자평 명암 배선 Fund 傳 ##제한 일파 해운대구 직인 ##스토리 걸쳐서 1939 등본 IRP 넘겨졌 345 엎드려 문화부 6300 협상력 ##str 골반 투과 선결 하찮 CSR 쌀값 뭡니까 좌초 유종 정윤 데이콤 오아시스 박철 레이터 306 출토 총대 역사관 우왕 찐따 유사시 레볼루션 에스프레소 김순 피팅 이익모 ##나니 휘하 동그 제롬 情 숙박업 슬로바키아 깃털 순경 핵폭탄 셰일가스 ##탄불 가부장 孫 한섬 CTO 중질 자만 동절기 폭격기 비운 비스트 중등 허구헌 전용기 반고 안민석 스퍼 싸이클 이니스 이스탄불 잠입 1941 참모총장 민들레 안전교육 ADA 돌려보내 가다듬 버크셔 ##분해 대군 따온 우진 ##스크린 은커녕 즉흥 국민대 ##에다 생업 석가 초간 담아낸 뀌 모어 ##게티 빙상 ##쓴이 섭섭 유턴 샴페인 임차료 글쓴이 ##램프 가비 혜성 ##앤비 시럽 바클 별칭 봄날 루카 1938 형수 특산품 심할 건보 ##less 커밍 ag 연타 작성자 ##부대 연석회의 불응 여친 나니 ##rop ##지물 촬영장 들키 ##큐어 주창 의외로 난징 비르 정호 어긴 초코파이 순전 승합 참수 블루베리 총통 ##이야 엘라 적응증 ##fin 북돋 작위 ##메르 분분 VIX NLL 임업 부름 믿기 브론 ##킨슨 배율 봉제 里 ##cal 독해 속했 연필 에러 명령어 액티 교향곡 do 곤혹 현대사 자멸 바스켓 뒷걸음 이덕 Non TM ##ms 최단 모라 역관 가압류 붙일 BH 일지라도 점막 ##ection 메밀 모함 북상 북항 ##약청 IFA 식약청 共 명곡 취임사 의중 라이즈 로사 해협 고용량 억제제 쥐새끼 자임 헌장 반역자 역전승 ##메리카 사별 방파 모로코 관동 블루스 ##송이 마중물 복고 티볼 하다 자판기 FBI 近 값진 연꽃 ##질렀 ##린다고 펭귄 임정 그러게 생각난다 6200 마그네슘 이청 利 까라 지롤 바구니 학기제 견줘 등대 딸년 용암 할땐 쩍 욕조 쾌감 피시 진통제 Park 딧 노려보 잡것 百 라틴어 바이오산업 ps 베라 로크 감미 눈가 ##데르 상암동 火 ##깅스 ##영수 8900 얼만 개고생 신호등 방청 형편없 뒤졌 키리 레깅스 가둬 구려 마십시오 걸프 산호 빌붙 토털 살롱 수작업 유압 검은색 259 Fi 끼니 부딪혀 중처 흐뭇 준원 생색내 덤핑 이방인 순직 툴리 ##스턴트 동양인 버려서 시초가 탕감 MK 찬다 동시대 ##좌석 빅딜 반세기 동천 ##inal 청과 ##가르드 베란다 ##td 회신 들썩이 후베이 실례 1050 ##FE 김수현 省 신청인 ##일관 헤리티 ##에른 굴비 외대 콘도 John part ##레탄 ##팔트 보호막 오갔 노을 공공요금 트랙터 띵 야단 조병 골짜기 어떤가 로브 ##춧가루 ##볼라 ##심장 프런트 인스턴트 발원 286 묶인 가재 헤리티지 아스팔트 퍼블릭 ##actor 난립 줄리 言 고칠 견인차 務 원목 동체 오롯 여대생 DT 바깥쪽 에디슨 연약 갖춰진 전기금 이주민 DD 캡쳐 이스코 으이 모차르트 매제 고등교육 주담 찰리 컨티넨탈 가람 생후 그럭 미온 스텔스 토머스 전통주 ##네이터 동호인 인사이드 델리 읶 ##LP 999 수모 영업소 꽈 ##very ##불이행 ##원가 가한 도지 ##보유 ##교차 부조 우편물 코코넛 해바라기 혈전 기획부 영유권 묶음 ##네이 한적 결정짓 방망이 광안 모레 앵글 바꾼다 산발 271 노동법 펼쳐져 잠복기 편집장 ##소문 랬 맥아 op 한해서 bhc 마케팅비 그러고 스칼 러블리 로페이 공손 소풍 커리지 김여정 또렷 ##소타 몬테 기술보증기금 비욘 속인 눈덩이 돌려보 통기 任 노릴 불합 허접 물놀 종량 뺑소니 ##스케 서현 재보 조희 불가리아 임창 체격 꿋 판상 강호동 clear 부령 비앤비 왕창 낱낱이 뒷좌석 로저스 TI 방송법 가속기 아보 근현 일색 전기동 타이탄 요즈음 내부자 시름 401 벳 설쳐 얘긴 캐롤 ##올리 노가다 ##타나 번번이 접착제 SSM 얌전 이제서야 직업훈련 대장정 ##룩스 살살 일석 MRI ##보유고 터닝 훈풍 과학고 프레스티지 원희룡 1936 안기 090 피부염 afp ##sj 개화 비오 닉네임 찔리 퇴계 ##eoul ##결합증권 중외 황색 파생결합증권 독일군 프렌치 배너 요코하마 ##저럭 비이 고음 유골 乙 ##겨울 성조기 산골 개종 서늘 경시 울부짖 기통 발바닥 아카이 거쳐서 댕기 보라색 앞장섰 ##플로 kd col 뗀 Ma 도비 임성 JC 올가 전분 ##바스 空 OC 7600 순국 돌고래 박한 점자 Sal 비행장 스캐너 꽝 까마귀 미네소타 미덕 玉 MBK 일인 비스타 죄지 좋아했 플래너 후안무치 저분 장기채 불러일으켰 박삼 잿 점치 겸용 붙여서 채무불이행 받치 남친 源 애칭 광진 중후 외환보유고 현지인 ##태현 저작권 ##ecd 싸잡 로스트 표창원 nbs 도안 윤지 온건 GK 노폐물 미꾸라지 남다르 고지서 뻑 더러워 ##마침 ##aut 물기 判 내로 ##드립니다 섣부 종주 밥솥 舊 제프리 판매업 갔었 관현 ##블랜드 졸개 클리블랜드 ##능력 1942 일족 상온 7900 도로는 컨버터 페라리 것다 때마침 지방산 황소 평평 방공 Design 균주 ##컨드 놔라 홍진 뱀파이어 매끄럽 面 처넣 ##com 판매가 지산 mult 진원지 Stud 스즈키 민박 사이코패스 ##sk 변함없이 ##투사 디디 펠리 廣 벌벌 똥줄 앰프 태산 레인보 피보험자 ##보스 영미 사회악 bn 카인 선거철 322 ##혜선 오스만 관광업 심재철 ##포로 빼돌리 들릴 몽고 다단 ##랑스 상추 유권 추도 핸디 7700 몰아치 작국 머뭇 ##CK 말없이 SV 권태 약초 282 요충 옐로우 어항 드러낼 무의미 빠뜨리 car 달려드 에볼라 일안 징병 인적분할 협소 난간 리모컨 불기소 둘러싸인 AFC 기억나 갑작스러운 335 賢 덫 직진 다가와 존립 자나 KGC 헤드폰 야크 이제껏 채무조정 향해서 참된 ##sp all 우의 긴박 돌봐 ##비티 피코 내쫓 흐를 낙지 부티 창건 달성군 이뤄지도록 물러가 宮 문대 광택 졸속 카타 악세 북서쪽 니지 빨랐 작별 Award 찾아간 페퍼 트레일 보로 끈끈 교부금 뒤질 원액 ##테르담 걸작 ##덩어리 ##마차 에스원 고이 스러우 할게요 ##BO 최종구 실에 금물 세컨드 cp 블러드 중임 설거지 답안 bmw 파이브 녹취 미간 ##래스카 ##사기 욕해 양육비 mod 광양시 권세 동부건설 흡혈 Product 슬래 松 터득 소령 ##천하 ##은희 음질 4100 막무 바이에른 보드게임 조승 녹조 통념 막무가내 알아들 한단다 주술 땄 니나 불면 종묘 보험계약 디비 ##특구 여적 080 깁 중문 위로금 다쳐 그럭저럭 열등감 중간재 미룰 삼송 ##ams 심의회 중장비 박대 ##타이드 상납 재작 상영관 도표 거제시 글래스 모교 황우 부사관 구수 국방비 꼭지 박광 커스텀 동장 비데 노즐 Reg 밝혀질 외로운 매트릭스 앵무새 유민 oled 날아오 챙겨야 접속자 立 남침 총서 부화 ##언정 셔요 시구 파수 유다 생방송 3774 ##검사 친서 책장 발레단 겨자 신반 ##주니어 다이내믹 부전 ##로로 하만 아낌없이 와해 선수촌 ##ba ##칼리 성시 누워서 쓸어버 선데이 짜르 307 안내서 ##보라 그제야 JR 보네 장현 과오 셔틀버스 야합 소방본부 제스처 ##TL 이간 ##ari 치뤄 字 공신력 광산업 選 일격 지간 HTML 프로젝터 이비 281 영업망 Sl 트리거 영생 그런다고 416 분향소 칸막이 FDI 초이스 興 최지 밀레니엄 당헌 바이트 흔들렸 콩밥 Real ##못해 로제 범람 회분 ##한국 도교 끊겼 총계 초동 라비 목줄 작인 에도 手 원정대 씰 根 키가 ##린트 보위 우릴 을걸 ##맹이 면면 닳 국가원수 425 감형 ##ied GR 주휴 무소불위 des 학습지 어원 스티어링 석회 QM 맞아 주세 장마철 ##방망이 귀순 노약자 갈대 새싹 PCR 신사동 도르 we ##임새 유미 저우 샌더스 결격 목조 재상 위스 주물 어학원 ##뱅이 수탈 정청 오브제 걷어 부렸 캐쉬 가온 문무 민회 받아들인다 ##진진 시켰으며 롤링 미상 사돈 맘껏 웹젠 ##민주당 나자 놀음 고밀 CAPEX 주영 래요 Cre 서밋 평민 븐 난입 무턱 초입 페트로 익산시 인트 CAPA 5100 중개업자 반향 삼각형 컨셉트 꽃잎 망막 한가위 291 NPL 능력자 현주소 활기찬 鎭 1929 영업부 영동고속도로 고승 정주영 ##orth 흑색 살려야 MR ##사무소 임대업 뚱뚱 보타 돌이킬 278 간파 독제 정상인 지도층 ##코르 화전 잽 홀더 Lab 청취자 쥐어 라돈 지퍼 모면 프루 에이블 대어 셔터 최윤 렷 도의 찰나 행량 서치 비상시 등심 뼈대 작황 279 무허가 배워서 연유 추워 머그 유임 권한다 헤알 부칸 려는데 반말 템포 ##스트림 새겨져 수치심 宋 대생 고혈압 오수 오스틴 조림 313 엠블 패기 찜질 참혹 Asia 기다린다 채도 lte 부도덕 무궁무진 8700 럭스 소이 이씨 최원 ##보잡 Sur 화내 덤벼 다락 신학기 낙농 게을리 깔린 래도 뭉친 경멸 일깨워 건방 난국 소방차 뭉개 알찬 매끈 土 병영 6900 고증 오물 재추 타드 생년 에브리 LME 일으킨다 Fe ##ffect 들렀 블라우스 ##플라이 국수호 슈퍼주니어 정수장 한바탕 세정제 모진 간극 교습 흥미진진 룩셈 하수도 뢰 노아 룩셈부르크 양수산 백일 ##atio 팸 열병 황정 ##수무 꼴리 반독 평화상 체로 oecd 양식장 티타늄 석화 UAM 고상 뒷모습 반대파 단통 세이버 고기능 뮤지엄 진드기 벌떡 289 전면전 달구 감익 바트 來 불명예 眞 완연 괴수 298 단도 성의 부역자 287 스튜어드 춘향 최수 농축산물 레인보우 듣보잡 그래핀 양배추 후덥지근 제단 훙 미움 엊 316 세계사 Cal 입법부 Work 슬러 ##스코트 그린다 칭다오 대모 회고록 293 BLU 여보 신창 무인기 보우 Inn 길가 ##ural 카누 단죄 堂 보냅니다 미동 Fn 삿포로 Time National 네모 교환기 Mbps 매드 약학 고물가 고소장 메탄 ##esh CME 보은 드신 쏠쏠 분당선 골문 반포동 미납 ##erson 전해져 퍼니 ##그머니 나올까 채산성 로엔 파노 풍습 최창 Adv 전인대 결전 ##맥주 볼링 배워라 공분 터리 페북 든데 ##inc 반송 신동주 수술비 모디 퇴색 정신력 GI 영정 핍박 리커 수세 가발 본당 신가 교향악단 아라비아 현진 오케이 앳 숙종 섬진 ##enn 0053 忠 어종 스치 Har 어딘지 292 남유럽 ##관리공사 다라 해했 결제금 설악산 교화 이프 할라 영업장 베가 등록세 路 장보기 외노 ##ature 버킷 산신 유식 도립 한국자산관리공사 막중 ##복지 유토 라던데 행정학 ##RNA sl 임재 ##남동 전집 ##사업본부 떤 민수 신통 ##구이 어설픈 우표 굽신 플라톤 우정사업본부 고하 빚내 완승 317 한동 비염 홈즈 떡검 스콜 케이드 ##AAD 각막 암묵 가소 느닷 탄식 洞 ##ize 리원 높인다는 저버리 뒤엎 THAAD 페르난 직감 gb 유언비어 명기 을래 한국군 축구단 자폐 배아 퍼플 위험관리 안젤 기하학 마흔 ##척기 사인회 위아래 동양그룹 ##사체 곡식 단초 불금 피폭 하체 고속철도 완비 까이 싸인 을려 임종룡 ##제한구역 강추 개발제한구역 예치금 Gold 풍광 314 323 ##스피 Su ##더링 블레 297 박보 타케 ##press 泳 헤드셋 吳 해물 ##교회 거릴 횃 그르 어드밴 찍혀 총질 궐련 모르쇠 탬 다녀야 알프스 겁먹 반주 범어 군자 안간 철도망 터치스크린 Super cr 세대주 AE 환한 흔치 중독자 나눈다 나아졌 옷장 귄 마의 캅 참견 페로 만루 코마 용선료 돼온 데스크톱 309 폐점 허가제 생김새 내세울 매출원가 낯짝 개회사 경영계 현업 랫 間 참작 필수품 한국식 9600 애라 유연탄 浦 nbsp 원통형 떠밀 블루칩 천일 이러면 八 哲 바비큐 장려상 전위 중견수 찾아냈 동일시 김건모 인력난 천혜 ##세척기 소개팅 택스 식기세척기 yg system 학파 쿨링 김태우 떠도 체납액 모란 ED ec Mer 느냐며 ##아보 283 맞춤법 인천공항공사 노이 8400 배꼽 찾아올 서연 페니 정미 휩싸인 다인 이석기 ##redit WO 이봉 ##득점 잔해 寶 흑석 KCGI 더비 넥서스 유병언 외세 완주군 발해 이트 프란치 Company 함축 Bro ##전쟁 재닛 둬라 1001 EQ 직렬 관비 손아 자양 도다 권영진 1250 진안 ##투수 요동치 됐으니 ##날리 피에르 예방법 수하물 ##길동 나온다면 특장 짤라 꺽 배재 라자 장막 ##VI 낱말 ##ival ##UN 294 ##정리 굴절 군위 과표 기왕 밥맛 밑그림 1943 경의선 투하 뮤즈 무임 동진 1933 가운 이안 배석 찬바람 교안 잇따랐 흡착 비비고 자본가 1932 외연 튀기 ##ino 화원 296 시리얼 박주영 살림살이 시온 유치원생 약효 질식 남인 합성수지 감청 동적 시프트 개인택시 발원지 ##버둥 여장 톈진 호적 배출권 부단 브리티 동떨어진 ##태영 입담 대조표 듀레이션 단행본 혼신 ##타자 ##ents 격투기 청색 호찌 전열 ##실록 저년 ##yp 선불카드 ##ling 벌어져 명태 홍역 336 바이두 8600 명료 잠재우 디어 족보 페라 설레발 ##네시 통감 RFID 쫓겨나 빙자 ##버전 촉새 카터 할랄 개의 종착 ##나도 SBI 역효과 하오 아그라 419 오스카 옮겨졌 매운맛 qu 천마 비굴 항모 수용성 에스에프 결식 안대 전해진 발버둥 틀어막 돌변 최인 사파 생가 아브라 플렉서블 rp 유념 피워 다이나믹 ##축구연맹 난색 빼빼 선발투수 구획 묘하 숨긴 헷갈리 배리 할망 관측소 드로잉 김종민 크리스토퍼 수아 CRS ##현정 총판 ##복음 유지비 노린다 빠져나간 동동 Key Line 은유 신용거래 채움 쿠르드 앤지 불어났 324 ICBM 방미 불시 큰손 ##효진 활개 묵살 문진 추돌 조던 ##aaS 부르주 ##ipt 조미료 갉 품사 급박 크론 ##립시다 오산시 수강료 熙 부주 폭발물 ##카페 신드 검수 방광 넛 입혔 발렌시아 중급 손실액 ##ayer 가슴살 ##투아 ##mium 대소 비밀리 校 져도 좌익수 보합권 XL 층수 지나갈 수학여행 인천국제 벨리 제노 ##ction 덮어 아인슈타인 議 당해도 횡성 EUV 타우 나약 ##천사 060 산입 어장 GMP 기록부 찢어지 티볼리 역사학 020 오지랖 가로지르 澤 ##조류 궤적 곤두박질 랜섬 빗발 아실 잡초 ##ony 땜시 역류 꾸러미 무기명 꿋꿋 앞길 ##추세 본고 부린 고열 ##월일 논점 Bi 이서 인칭 쿠로 뜻한다 일군 취사 개헌안 청렴도 比 326 str Econom 일문일 나주시 로테이션 데이비스 일문일답 ##예프 패한 ##ift 나빠졌 살라 마감재 천차 터무니없 語 갈라지 지켜봐 해병 clearing 소추 정민 Gener 부탄 챙피 꺼낸 if 부쳐 자숙 한태 크리티컬 고든 결부 루크 정몽준 구룡 쏟아부 trans 쪄 서포트 Port 용의 팀워크 지역주의 교부세 깽판 자아낸다 프리즘 포문 조원진 은성 자보 미뤘 파헤쳐 ##콰도르 GX 거려 담아냈 미혼모 에콰도르 할거 ##시효 총국 무자비 사이먼 온상 피오 미수금 옆구리 ##화가 빌릴 난도 하스 개망신 Ret 에스테 제방 직주 ##바나 ##ara 데로 하산 몰랐다 차려야 초계 측은 헤엄 Equ 냉난방 스크롤 ##its ##경제부 황실 크러 특정인 ##관절 오즈 비관론 익스포 부기 재정경제부 한답시고 註 ##열차 IG 이과 기부자 리크 어긋난 NK 저그 해야함 표제 올려라 교만 Mag ##어야 발진 컨버전 우익수 ##아들이 액셀러 액셀러레이터 스판 숙였 이을 end 오락실 합의금 유원지 이와 유목 총력전 딜리버리 과당 발란 문제삼 이원화 ##po 郡 고춧가루 중합 조그마 본상 수호자 Tw BEP 과도기 comm 습니 ##운하 스플 ##ular 참기름 뇨 도선 옥죄 ##ames University 난폭 분만 카시트 내보냈 횃불 관서 카를로스 속편 한승 ##베르트 구속력 통근 축출 심성 쫓아가 훈련장 괴로 달라서 휘말리 ##디드 낭패 다비 중심축 수탁자 파시즘 봣 ##세프 리마 불쑥 관세율 외지인 ##la 래리 직사 대관령 서빙 마코 다년 상병 썪 끄덕이 옹진 오월 렁 pol 이구 마쳐 ##ody 질리 태양열 DLF 컬럼비아 시호 강단 ᄁ들 금발 마커 ##넥스 러너 그친다 Table ##조각 환승역 득세 미로 바램 저울질 배짱 처자 냔 결탁 큐어 사생 한국통신 7400 밥통 너거들 ##종합 AN 박유 옥스퍼드 조져 흔쾌 오동 줄다리 apos 조목 도농 ##코더 루미 대로변 강석 CAGR 사회당 산양 한통 찮 낸다고 임원진 결점 植 호에 매해 팝콘 신재민 바빴 ##떨어지 농경지 ##펠러 선재 대적 숙취 전권 ##네트 절규 호러 무리수 갠 윤희 진부 405 할라고 關 인도주의 벗기 떠오를 불합격 표하 ##rist ##불이 익일 오명 318 SQ 555 리노 맞불 멀티플 인천국제공항공사 의료법 일변 한다던 조현아 타이베이 口 ##ican 보증료 제이슨 케익 다이얼 까르 명예퇴직 고형 실추 주니 스카프 내민 체외 샘물 이겨낼 ##노선 줄다리기 늦출 앞면 그로스 도포 진과 8200 커맨드 타가 샅 ##EAN NX 화단 etf 갱년기 사로잡혀 빙판 살폈 서스펜션 자유자재 향연 ##비통 쳐야 7300 VL ##OM 소리치 착시 빼어난 아수라 ##리케 ##코지 재미없 강경화 일병 정치국 Indust 골다 로웠 FPC 한보 ##글리 저학 ##다녔 거침없 산성 까치 문호 카마 처할 트릴 ##회계사 외야수 군기 공인회계사 부담없이 북스 음성군 ##추세츠 매사추세츠 청아 사선 감사관 여성복 칼리지 ##여름 출연료 328 dj 오클랜드 해양경찰 기폭 말단 유타 아웃렛 딴소리 기혼 장문 후세인 鮮 364 臺 마키 예천 수증 ##회계기준 너리 키코 Bloom 대패 호봉 중질유 레퍼런스 돗 ##체류 국제회계기준 원판 ##ware 다른데 압둘 붙여진 도자 조정안 ##레라 올인원 특별상 산문 스테디 비닐하우스 경부선 아워홈 ##바오 내비치 따낸 031 불법체류 아늑 매개체 갈림 여길 낙찰자 RV 비들 ##급수 성종 이범 사기업 자일 어그 노모 페더 ##ij 시킵니다 접했 탄원서 개최지 소호 외전 ppm 목전 솟아 ##아졌 동당 키프로스 찰떡 프로야구 ##문제 피노 함유량 수난 지켜라 ##세웠 독신 오로라 우림 법제처 원초 주정차 리피 백배 왕궁 퓨리 蘇 ##재산 브런치 매연 역활 부정행위 圖 피델 학관 ##우회 시댁 용두 Blue 작업실 맞닥 자동변속기 행군 뉴욕주 ##pga 생각없이 상류층 디시 진구 ##ader ##CEI 카사 무용지물 소심 ##ta ##곡리 루이비통 교육학 주안점 세여 김옥 병무청 문주 ##에이고 캥 ##인드 각색 미우 ##물질 1924 샌디에이고 千 꾸짖 영공 상동 9200 엘레 ##건건 삼천리 IAEA 조직력 ##에너지 Cloud 불감 마운틴 세워졌 머문 사사건건 설계도 박삼구 웨이트 덧붙이 휴사 강경파 교과목 트리트 썸머 개수작 캡스 747 양준 헤어진 원광 예비비 폴크스 당주 사골 Web 가창력 야산 ##plication 1905 ##EM 폐교 저속 연출가 1150 ASF 커넥트 혓 1914 가네 스테디셀러 ##be ##MCA 줏 투심 인텔리 시운전 남서쪽 옹기 선거일 1928 공과금 007 뛰어올랐 선하 학연 미당 쇼룸 혹평 이롭 ##벨로 族 ##에트 점도 에리 지배자 HSCEI 시보 밤하늘 후원회 포워드 살펴본다 ##ke 신간 ##가격 ##파티 강림 기본기 본보 쐈 외할 교보문고 ##플랜 쌍방향 身 바둑이 앞장선 요충지 수니 중서 특조 상승도 중형주 슬그머니 ##마드 기선 꺾였 ##이야기 sup 두말 케이트 요거 ##라드 이채 경작지 어획량 통했 love 잠든 찹쌀 우르르 문수 남중국해 신수 비석 생화학 벌어진다 ##공증 합천 골다공증 ##스펀 구녕 당무 물방울 ##ely 헐리 나뭇가지 영란 ##상가 직항 ##ering 로키 본교 중재자 dm 잡종 센타 070 조폐 우치 ##아내리 공민 팟캐스트 꼬이 냉소 보온성 귀향 청룡 내리막길 돌려서 따라갈 縣 빗대 대제 라그 337 총회장 그따위 정광 사려 경착륙 서기관 대한제국 파묻 로저 휘두 테크놀러지 志 MTS 나고야 나와라 걸스 쉬쉬 드로버 목구멍 度 집들이 금태섭 나뭇잎 뜯어먹 선순위 대연 포집 師 수려 504 재료비 KLPGA 분간 마스터플랜 체벌 NEW 글구 연민 대타협 오브젝 BDI ##자니아 시종일관 프로필렌 백과 KOR 무기력 지지력 쥴 ##돌프 나나 레슬링 수납공간 ##평동 로젠 정론 체어 감칠 신데렐라 바를 은상 사가 레인저 사무장 포섭 연변 ##블린 ##ason 오거돈 굴지 빵빵 걸어야 왕십리 順 승산 실지 규준 성공회 ##가기 ᅦ 거느 딴지 ##ook 만취 양가 뒤따르 드러운 불태우 조흥 보호관 끌어내렸 ##나기 대방 틔 331 전서 설상가상 뼛 윤창 활자 井 석부 왼발 행자부 술잔 ##오버 DIY 표고 이병철 도운 대전환 전유물 죗 ev Health ##반구 지른 적격성 격하 조원태 라온 핌 논할 니체 직선제 場 물거품 현산 단열재 조석 러버 문창 스쿠 ARM 들여서 입가 회당 고쳐야 클론 끌어들여 비하인드 통치자 보듬 팔릴 서산시 벙어리 ᅧ 낮춰야 소각장 펜실 ##베이니아 펜실베이니아 쏠려 은사 즐거워 ##기념물 죽전 ##징글 불변 ls 소득세법 감전 hp 넘어간다 쌉 너도 앤더슨 한수 DPS ##일체 계보 위문 친형 선서 합숙 키는 라오 명물 예언자 가트 ##맥상 ᄊᄅ 열화 티나 LGU 살펴야 눈여겨볼 명언 385 알차 우째 베르디 카더라 볼턴 멍멍이 홈피 ##저축은행 建 서태지 inter ##코딩 틈타 댜 731 쓰다듬 뛰어드 터진다 욜 ##파스 노역 뚫리 특별회계 ##고시 운송업 옅 ##틈이 ##겨서 놓아 하이패스 자태 틈틈이 ##물살 현대아산 어려운데 스파이더맨 씨부 급물살 노동청 분당구 재추진 내디 연두 키를 방불 판가름 1935 ##트럭 문다 母 ##aint 꽃다발 소멸시효 반중 인덕 그린스펀 숨길 외측 샤프트 최면 ##포동 ##쿠니 모인다 상장주 찿 과민 第 ##kim 한통속 취량 탐스 김영철 ##대고 어여 ##자와 천연기념물 ##각형 문전 수완 산업용 손짓 탄다 프랭클린 포옹 Light 예사 형질 FW 근저당 Full 안기부 ##bi 영탁 디럭스 본계약 다가온다 징글징글 교수진 광풍 타원 항고 동태 까다로워 답글 사발 타나 1925 ##민정 셰어 선미 어림 베이컨 화정 불경기 ##미트 인부 338 청순 헤딩 품명 정찬 심이 피땀 ##철호 가공품 배신감 mL 슬램 RNA 실소 근소 산천 펄스 Cent 이어가기 사단법인 일구 해군기지 경건 설전 학당 반독점 단일팀 332 327 475 냐구 Ver 나빠질 벌칙 웨스틴 영양분 祖 허약 ##월동 시효 모일 한기총 납작 애시 오브젝트 郞 걷잡 두유 베니 양치 소탕 이맘 하층 도살 ##스트리 ipo 속임수 끌어올려 몰표 인다 조향 음양 품관 죽여도 라이터 세이프가드 ##News 무예 은총 ##운동연합 영종도 기라 Can 황인 이성계 슬라이더 천시 환절기 행실 허리띠 운전대 주황 피신 변속 당해야 디엠 ##ote ##셔티브 찌그러져 이니셔티브 TDI 여성부 역병 JS 벌점 재작년 ADAS ##신기 분수령 전력망 조력자 죽임 일봉 육안 뮈 간헐 박석 의료관광 만유 ICO 미륵 수줍 없앴 페소 강일 여아 특활 Pa 내실화 곡인 극악 통쾌 분개 헐뜯 담요 펍 피살 357 야구단 프란치스코 호크 할까봐 섭씨 적이 이도 철없 구조대 청해 화인 의총 time 별표 저쩌 프록 일교차 업과 면직 오래가 찾아낸 레포츠 젓가락 정태양 fe 금치 챔프 ##토모 영락 이따금 ##ovid 366 디벨로 앤트 참회 319 정설 창시자 ##경식 차우 허정 어법 솔리드 였음에도 ##AT 미완 둘레길 ##부치 클랜 거래원 ##광장 노마 방중 꽃길 맥북 사이판 영동군 체가 여포 상공인 356 나이다 급선무 ##umer 되짚 節 재치 남경필 시공간 지마 경축 사서 BGM 베네치아 Enter 병풍 라바 복역 Mix bbl ##oto 창동 칩셋 사대부 色 ##요시 바닥재 공병 연단 졌으면 ##ental 막차 전등 국무회의 투척 샤이니 洙 여긴다 한국일보 펠로 황성 Av 별자리 항성 축산업 ##특위 마두 ##셔서 골재 낙제 암만 일말 얀센 Mor 열처리 이삭 포교 장난질 필터링 式 청신호 수속 온제 돈줄 말썽 ##uss 자괴 캐스 자오 재배치 우후 환생 감속 상종 엽서 유년 342 퇴보 1934 천성 순대 ##ness 되살아나 고철 403 배심원 무등 임수 도쿠 왕가 왕좌 ##만별 ##순위채 금융채 후순위채 했으므로 재위 소아암 천차만별 마티스 애당초 토론자 었잖 잠적 스크래 ##처치 DW ##먼드 1931 344 고성능 臣 ##혜영 백날 시커 에릭슨 셀룰 코바 ##ship 주금 디펜스 곰곰 햅 한민 대들 프로페 시음 타미 진실로 承 연성 주초 말라야 이동성 지탄 도성 원구 통지서 무턱대고 약수 학설 ##하르트 ##지기 마스코트 유니세프 급고 이륜차 모뎀 해녀 8300 주포 기하급수 FL 도식 Je 속죄 간경 ONE 대비책 화목 사출 가천 부랴 ##ior 수입국 ##레타 LV 노스페이스 나쁠 울분 공사채 체크인 구속영장 삼보 ##hd 開 ##두고 장승 329 Review 튀어나온 ##선언 ##화수소 개인주의 산품 공문서 孝 아역 대갈통 파츠 천리 505 행동주의 ##산지 오른발 주변인 크린 찝 원생 장밋 첼로 번들 토시 쿠퍼 꽃피 룩스 환송 새내기 해봐도 쇳 ##선미 내측 하츠 ##저곳 이사국 등록제 ##타이어 Low 대머리 매장이 IRA 이곳저곳 중환자실 기회주의자 ##je 윤동 불어난 허경영 구심점 Commun 미국식 신반포 최형 체육공원 할증료 원스 ##레이즈 인신공격 널려 내려와라 노루 가까울 ##브릭 엽기 세도 시물 Ab 절기 최전 동제 니즘 출두 하정 백승 제독 ##자스 알래스카 트리오 향한다 승수 HO 순리 부대원 디카 상보 康 나이츠 내원 좌천 양산시 놔서 예지 상담소 서커스 협주곡 쫙 지도력 임했 발행주 ##err 폰트 창가 재수사 지구대 차단제 괴로움 사색 ##체육회 심리학자 려구 망해야 ok 세조 취수 슬퍼하 안하 대한체육회 폭소 피파 부탁드립니다 원곡 연작 에메 ##연휴 영호 다독 ##지부지 ##ci ##코트 파사 김광현 감초 첨가제 흐지부지 잠그 배기량 ##anced 평원 평탄 성태 지게 369 각축 알로에 구본무 생산력 황금연휴 스트라이프 추앙 뿌렸 2035 獨 본분 비공 달려갔 대행업체 승합차 ##ublic 프로이트 paper 카펫 int 가르칠 소문난 해줄 따라붙 장기전 계열화 유채 김정남 402 바쳤 AJ ##ference Forward 섀도우 덤비 토어 ##EP 풍물 고순 Char 퇴적 컵라면 쟁탈 연우 판서 1918 346 한명 지명자 름 ##퍼트 배급사 스크래치 아낄 큐레이터 감식 시끄러운 파벌 조니 프롬 over ##진다는 ##de 발끝 SAP ##oney 錫 파종 해안가 비회원 증편 어벙이 Dream 석좌 재력 NBC 무용단 바자회 현빈 타오 시금치 되돌림 중령 평형대 선단 Amaz 장윤 날렵 걸으면 이유로 마아 강해졌 ##ler 일요 채집 삼중 기유 패망 정형외과 시간표 005380 기민 ##soft 징징대 괜한 한족 고창군 TG 조리법 352 자그마 본진 포탑 겨루기 문맥 임해 튕겨 도려 제설 김기춘 관성 파킨슨 판도라 ##보도 우매 Max ##ape 516 청화 Investment 비뉴 아폴로 브리티시 조모 협연 필하 mom 가꿔 변방 올려놓 갈림길 ##수거 뼈아 486 가져간 그려지 로코 1917 852 유은혜 비드 343 제멋대로 중수 ##비슷 ##더니즘 글귀 책방 손씨 추스 구리시 대종 두드려 피크닉 守 허우 뭔가요 ##ission 앞장설 재범 지적도 시민운동 레임 習 연설문 장항 ##ross 제우스 ##ST 요구르트 입비 계략 lng 모집인 달팽이 컴팩트 특공대 큐레이션 하워드 상층 재용 HSL 과밀 송유관 화교 심해질 감경 무용수 ##불호 골머리 부러지 TDF pop 호불호 까요 악보 1926 카탈로그 ##출혈 고을 ##이식 ##itor 가져다주 잠원 ##ICA KM 김택 지크 풀어놓 몰려오 ##르타 잡아당 강희 ##우유 완강 9700 헹 ##집행 bu 이복 쳐내 출가 제갈량 고베 컴포 양평군 가신 내막 냉기 形 지스 길들이 압구정동 ##융합 ##이면 박창 찾아갈 9300 Pan 사망률 숀 ##는지 우도 秀 ##타오 등단 상아 차도 감칠맛 사상가 스타킹 리커창 반신 참으 이간질 구지 변압 ##그러들 미남 market 스트라이커 ##베르크 Pay 손쉬 죗값 요컨대 ##신용 권순 Del 프레임워크 교통안전공단 악장 세스 연가 들어맞 Develop ##튀기 스트립 눈매 순순 총각 ##book 냇 업태 ##ourn 순도 넘친다 홀대 볼펜 ##승차 强 딩크 ##ᄒᄒ 목마 행법 사기극 저스틴 ##들였 장밋빛 ##atic 배불리 불똥 이국종 일변도 이승우 가을철 net 건져 희곡 ##상태 값비 아츠 ##산면 다승 불거질 ##퓨터 ᄄ from 병목 미추홀 399 무기고 치사율 틈새시장 ##샤오 ##혈관 애썼 유구 뻥튀기 작태 찬송 아스트 민물 승복 불면증 낙서 임관 오승환 경제인 지켜온 정월 격려금 포천시 ##골목 비야 ktx ##식품 어젯 파괴력 에고 줄려고 界 일국 좌장 엊그 끌어당 레임덕 두고 내무부 몰트 묘소 해약 노숙인 보여줘 보국 본의 CBO 걸어온 서훈 박살나 식용유 어젯밤 미백 선발전 깨물 박빙 ##out 영창 김성수 ##nect ##타입 빠듯 월경 권위자 ##비안 조여 의미심장 칠성 각사 한풀 ##학습 날릴 학내 ##슈랑스 방카슈랑스 총합 351 우승컵 411 신드롬 ##둥절 군포시 뭉클 저수 마장 소노 불러야 플루토 고노 도상 끈기 도트 직함 칼국수 날까 희열 과로 ETRI 황홀 예비역 어리둥절 이발 ##ha 둔촌 두고두고 평타 프리드 조군 사리사 이어질지 미뤄졌 壽 도색 다구요 ##종양 맥심 Japan ##동물 다른가 프린세스 벽체 아따 에바 초속 사각형 환경운동연합 ##irl 핵융합 기모 봇물 점잖 환경청 비문 가석 EFS DLC 방편 앤드류 켤 실황 여념 떡국 놀라울 간디 트러스 관음 기복 임마 담가 맞대응 다윈 꼬치 곧이어 FE 까페 노크 리만 부심 404 Mark 퍼스널 본작 분리수거 국행 라나 성큼 영풍 사무라이 심장병 통계학 독촉 솜방망이 자인 비기 무패 공예품 미끄러지 재계약 놀자 밀란 위너 노점상 견실 도하 비친 고준 숙면 니미 상명 원색 PDF 면사무소 ##베르토 채납 벌렸 스틱스 서글 마사오 ##이슬 검새 날씬 무근 부관 채점 파노라마 시늉 ##구질 독한 명맥 마구잡이 변칙 소맥 ##틱스 덮친 Back 분홍색 Program 망정 식각 ##era 건과 일로 신다고 검문 끈질기 쑨 냅두 휘둘러 비소 월트 조커 AIG 6100 선망 오리진 싯 뭍 겨누 주례 만수 선급 와대 러시아어 ##수무책 속수무책 헌납 해결사 잰 339 시작점 ##나절 쏠렸 박연 라이팅 메틸 무전 되돌릴 온정 뇌혈관 ##죽이 다빈 오재 무거워 신증 Gen 삼거리 엑스레이 다가섰 난처 대영 고속화 가단 평창군 븅 상전 주미 경남기업 불감증 525 라이신 달아오르 안나 판매고 334 395 ##딜락 cf 캐딜락 ii ##기부전 앞당길 私 解 발기부전 ##전입 발자취 총영사관 觀 인색 소임 372 499 쓰촨 자괴감 ##부즈 송부 구급대 감회 오포 유현 격자 훈계 우지 KFC 지지대 던킨 장과 ##조목 따졌 1927 http 위장전입 ##UR 내려라 신안군 ##St 밑돈 면부 ##무인 해줘도 ##발디 정크 징조 샨 암스 어버이날 레디 9400 볼리비아 갤러 영서 딸리 선수금 ##이상 신당 사이클링 진원 마술사 ##특기 안습 밥값 아킬 455 회계감사 벽산 투르크 나불거리 로이트 혐의자 빙신 약주 인터랙 차출 대낮 퀴들 수공 콘돔 헌팅 ##스피어 져야지 당수 김구라 충무로 ##기기 가로수길 인보 천왕 ##코스터 ##익스피어 1907 스튜어트 카오 발주량 주특기 인수자 간통 롤러코스터 리프팅 고려인 댈러스 셰익스피어 였으므로 만듭니다 뱃지 암석 432 블로킹 406 ##ration 바실 아고 ##라이드 괴로워 영업용 섬진강 Model 연지 스위칭 ##라이어티 수진 비벼 낙타 브레이커 일리노이 수요층 버라이어티 체스 ##달리 명하 옴부즈 결석 던진다 손쉬운 난소 때우 갈아치 머크 스피치 아득 가리켜 물러날 ##ask 아부지 ##셉션 주치의 ##버릴 성체 아만 ##교사 생활고 변전 지와 체험학습 Ear ##지구 EIA 디프 매회 좋아할 행원 깼 라거나 인아 강화도 유충 홍명 초토화 헉 ##ats 예일 온열 부팅 app 삽니다 달랑 Acc 가석방 즐거웠 블랑 384 ##ource 어야죠 가로채 정신없이 ##ositive TD 예제 즈그 그랜트 이어주 FPCB 결장 군용 커팅 이재현 KPMG 애꿎 보육원 성리학 나진 네여 떨림 시의 쏘울 드실 지은 교신 폐광 서베이 변성 거스르 파스텔 광군 공제조합 고동 단상 대호 508 비키니 변압기 억눌 Fil 소비에트 에지 박인비 빽빽 ##홍철 레온 샤를 혼혈 카츠 뮤추얼 베니스 KPS 동식물 1923 병리 수렁 연호 잘생긴 매서 아브라함 스트레이트 ##알라 ##와트 횟집 주사제 ##극장 더빙 396 애국가 착공식 국무총리실 비보 뚜렷이 되살아 방아 Rev 모티 용해 ##메이트 카다피 자생력 ##펜하 병변 구질구질 떼쓰 분탕 ##컴퓨터 인솔 상환액 강태 수용체 키드 꿔 368 Ltd 정벌 문학관 버퍼 판매장 북동부 국소 아하 보안관 중요도 즐긴 배운다 짊어지 존치 펩타이드 ##애미 느닷없이 상대편 퓨처스 노니 피소 범죄인 슈타인 ##ua ##box 교육법 ##각색 방어주 아카이브 방직 정약 리허 자다 출몰 윤재 패브릭 비쳐 815 ##츄럴 세터 등부 당규 효모 빨려 ##uman 질려 쿵쾅 CKD 따윈 Seoul ##ecial 체재 의안 카로 NAS 섣부른 쒸 ##레미 PCE 363 무지하 ##박자 결투 358 가를 361 미샤 권성 아세요 포카 기안 백설 ##LR 초가 알루 숨겨져 그리스도교 합자 Link 뽀로로 헤아리 니스트 살아오 섬뜩 차로 생년월일 데니스 라이징 랴오 사투 얻어먹 정강 ##칩니다 무방비 비둘기파 이겨야 국제금융 장시 빨치산 지구당 ##부랴 벼룩 나타냄 도로변 오갈 들러리 혼조 EFSF 마이애미 강화군 Test ne 잃어버렸 평사 뚜레 kw 피한 결의문 세모 경대 독립영화 모신 인감 지병 아리스토 연대보증 현아 정회 GHz 전문학교 부스트 ##ole 신정부 전과자 ##기간 COO 노브랜드 안하무인 애원 전래 로만 통업 상고심 역쉬 노자 소말 임신부 확약 뎃 됫 쫀 ##ille 보험법 커넥션 세계유산 옥석 ##icle 지휘봉 영화사 교동 왕립 일침 자지 유경 자기장 산세 버거킹 투고 348 502 조선대 송강 오리발 부랴부랴 nd ##ope 노상 시그마 349 플레인 바텍 어는 바뀜 산길 정평 철제 퍼팅 두툼 타계 ##급행 고야 자청 핸드볼 스탠퍼드 쫑 초급 스타즈 췌장암 붐비 빈혈 뒷걸음질 구안 gt 스턴트 0006 외친 장년 ##완전 영해 동감 Corpor 공양 IMO 단교 등유 조진 모질 1020 피아트 궂 Mc 급전 자몽 ##손손 ##otal 354 이상황 홍종 약칭 명문화 CDMA 불러온 동과 투덜 유지관리 이펙트 뇌종양 반달 플로리다주 창립자 뭄 ##게이머 강민 논현 수라 소극장 프로게이머 값비싼 레티 잦아들 연구개발 떠들썩 김만 악인 해전 동북아시아 캐서 ##르노 기술진 재야 응집 얼즈 코난 더치 계산기 영업권 ##ities 코크 data 사리사욕 네온 직제 겁박 골랐 서성 주군 초전 ##걸스 알아본다 손병 지방채 교문 신디 되돌아가 레이건 혹여 유원 대장균 페이즈 좌완 아케이드 수의사 조선왕 벌어들이 미래한국 손정 기다린 ##OA ##토르 엮이 최문 ##ERS ##적분할 제시카 혼내 달한다고 강가 물적분할 ##프라노 패티 신동아 애완견 애덤 남겨진 셔야죠 가려내 헤드램프 말다 엊그제 킹스 ##급행철도 광역급행철도 맹렬 새콤 조부 박병호 외산 홍정 생중 으리라는 호모 연해 스트링 키위 소크라 Tele 디에이 GoodNews 닥칠 서민층 공장장 뫼 ab 약재 졸리 기갑 ##ally ##ano 호암 헌데 낚싯 Bloomberg 스탭 나일론 ##CS 빼곡 위도 고깃 고신 중학 핏줄 감마 촉매제 ##ocal ##영수증 재의 임할 글렌 홍문 현금영수증 기염 흠뻑 ##티모어 이상민 망조 채비 거역 엘피 칼럼니스트 칸트 어찌나 래쉬 장실 망나니 신선도 구단주 디너 ##래미 이용권 ##머님 미친개 개비 만사 뭉쳐서 잔머리 ##미사일 대기실 은행원 ##셰어링 ##이즈미 꺾인 Live ##입국 뒈지 루키 불멸 부주의 의령 435 속지 리퍼블릭 스파클 카이로 반대쪽 완패 가르친 남겨둔 341 작품상 유카 ##덕수 347 덕양 시게 현충일 기울어진 부르주아 밧줄 마을버스 핵산 조폐공사 이가 쿠스 들여놓 소켓 봉하 택할 전태 무심코 Wo 미래산업 식비 영결 차가 한가요 오대 ##가슴 돠 Ins 든다는 버클리 안다는 중화민국 카셰어링 이티 까보 은수 브러시 이노션 백석 시영 너도나도 거위 바이스 슬리퍼 ##을거리 ##ava 덕택 문산 뇌출혈 식빵 마더 소피 422 최전방 티파니 해왔으나 쟁쟁 뒤이 볶음밥 비닐봉 응원단 실록 강해질 ##궤도 장쑤 ##라이터 바글 읍시다 재림 동일본 약해진 김태호 물감 바니 일기장 정용진 나부랭이 ##천지 간만 Amazon 야전 전곡 ##eh 아닐지 규슈 끊긴 오우 나폴리 실력자 꾸렸 외국산 ##나간 급체 메워 배점 정신줄 378 변별 쌓였 너구리 김승연 408 들락 신났 차곡 ##업자득 VM 브라운관 PU 망령 토기 볼티모어 만리 시브 최규 ##커버그 혈장 별미 테오 호찌민 투석 갈아치우 방기 시편 충성심 1922 일반직 ##ption 승차감 불운 연천군 옥천군 강정호 리포 ##수염 wsj 노친 알테 재보험 ##독부 원지 는구먼 피조 양현석 계양구 컴포넌트 자업자득 린드 막부 사민 떠올라 시부 ##구르 영산강 가감 쑥대 정열 만하 사파이어 ##뒹굴 준중 가평군 업진 인컴 자본력 겹친 win ##교섭 후불 ##답니다 ##막염 삼익 ##플로러 익스플로러 고딩 본전 유혈 탱고 SCP 우방국 Core 해머 한국공항공사 가야금 불임 액티비티 전우 함부르크 ##HI 경쟁국 프리마 조목조목 부실화 논증 목포시 전략산업 그제서야 ##렌식 ##인권 주성분 포렌식 ##뜨린다 자구책 고사하고 ##EG 수입원 밈 392 리허설 전파자 ##olution 아휴 오상 시끄러 연화 1921 353 던가요 USTR 자궁경 금빛 ##르바 매표 황희 피난처 폴리에스터 마타 소크라테스 프로페셔널 브루스 Cost 해밀 ##현상 구국 ##셔닝 상투 포지셔닝 사저 ##CNBC 로구나 이세돌 485 인사동 체인점 판매망 ##다물 이자율 스타일러 구시대 적도 주문자 벨로 휴학 SBSCNBC 레아 페인팅 장위 폴로 환차익 불러일으킬 관리국 드라마틱 Will 대축제 ir 므누 재방송 근시 물든 대물림 인덕션 평수 Fwd 쉐이크 그닥 달려온 떨어진다고 미적 불완전 종아리 이긴다 후진타오 ##go XP 강지 준설 ##덴서 mA 지침서 행주 377 경인선 유토피아 부숴 푸시 혹한 뒤쫓 간병인 보상비 콘덴서 433 ##iam 피에 클수록 ##체능 ##씌우 백마 예체능 ##노위 펜싱 388 먹구름 휴게실 ##ense 잠기 ##상정 대응력 그깟 시경 신승 달리기 레이아웃 ##rain Fre ##대장 듀엣 ##uide 비통 씨드 못생긴 ##캐롤 ##렌스 영수 번성 가려움 전자기 트렌치 암초 피케 그럴듯 바레인 사정관 음압 짤리 중권 ##ump 꾸밀 경수로 소질 퇴거 이레 연강 뒤틀 임베 임베디드 부서지 경기도지사 소포 ##크리 난자 IEA ##캐롤라이나 kf Underweight 모는 토했 강현 저가 서린 달린다 아기자기 열강 매수인 ##이조 제후 오노 화승 심미 썰매 Bay 찍혔 비발디 NSC ##브르 번져 광해군 ##보험공단 살핀 난임 진찰 개고기 506 Bal 흐른다 브러더스 뛰어다니 개악 딸아이 폐장 ##자동차 주호영 ##사이어티 Direct Ev 겨레 ISS 건강보험공단 원효 악단 산도 선곡 실직자 십자군 바랬 세네 오랑캐 윤대 축조 362 톱스타 앵벌이 다수당 처박 dna 냅시다 스턴스 인원수 Multiple 가차 누려 ##ger 어진 홍차 ##입구역 미취 강산 사이언 타리 소사이어티 돈다 0002 ##EW 육식 감사패 1850 mid 사바 그만둔 성현 여태껏 버틴 송혜 가요제 누린 ##일동 로페 양강 교황청 Stand 나영 엄숙 민원실 투썸 코스모스 LSI 수업료 ##각층 현우 침례 각계각층 리수 안쓰럽 다가갔 무서웠 날아다니 Microsoft 매그 발찌 헤더 787 임태 특선 판재 성탄절 At 로로 최준 ##심판 고고학 형용 감돌 진나라 소방청 요번 중심가 체지방 자크 정보국 두텁 성난 ##니트 해집니다 믈 이크 눈치채 람보 관위 정력 피에스 오다 대마초 First 노랫 383 사라져라 배당락 Pack 아성 볼드 신구 치달 방화벽 art 식물원 갈취 문관 엘시티 주무관 진입로 기할 피상 절전 징검 등기부 제품력 폄훼 재청 안이 Sun 괴산군 내미 합니다만 ##랑드 ##암리 경인고속도로 ##북면 ##불성 407 HDD 여하튼 다빈치 ##ury 리호 선착장 얽매이 치우치 ##put 중서부 다녀라 확장세 보신 교통카드 노정 드세요 ##작전 상견 이부진 기독교인 런닝맨 황태자 어드밴스 광양제철 순한 화물선 Cell 지근 011 ##uel Flex 동박 항거 강력범 풋볼 고난도 후한 화환 놓쳐 춰 영령 찌개 열대야 면장 기준점 소모량 주사위 마스터스 따왔 Book MRO 개포동 나경 아이언맨 ##슬로 위비 ##일비재 비일비재 ##해전 지가 423 Ul 관우 걸려도 어설프 이병헌 되물 포장지 유촉 송전탑 마지노선 ESM 섞이 징그 ##roid 417 ibk 일석이조 ##보살 령도 Kim 입학식 석기 조선총 전사자 넘보 날아갔 풀타임 아니한다 입영 역주행 천자 ##스타인 폭리 쏟아진 봉우리 무임승차 놀려 445 꼬리표 페스트 공탁 박시 마성 MIN 소말리아 솔트 입질 감명 인장 재판매 ##pa 보여요 오른팔 투숙객 백금 ᄋᄌᄅ 이뤄지며 ##reen 회복기 ##텔레스 511 9100 강주 여적죄 free 윤정 법원장 ##긍긍 강병 설과 열폭 전전긍긍 변증 ##쿼터스 유비쿼터스 조선총독부 속력 파타 야유 피렌 휘트 고주파 식상 므누신 입도 미칠지 올라타 다자간 워리어 호스팅 싸돌 국경절 ##도그 다낭 객원 우에 리포터 ASEAN 담판 조정관 남성복 ##활동 겉모습 Secur 갖은 ##노프 번질 KIC 괴담 495 ##계좌 쪼그라들 살길 특근 동래구 보양 오작 사립대 발뺌 방음 ##포인트 마르코 아포 원기 ##조작 처맞 백범 저금 양태 엔고 불리우 통조림 아리스토텔레스 매립장 창세기 367 기스 불명확 에스파 일식집 동률 연고지 covid 시무식 신학자 로스팅 쪽발이 강영 분교 캡처 ##테르부르크 함의 자궁경부 ##대포 떨어짐 Kn 징검다리 ##ines Down Us 도토리 형사부 ##하시 보부 팔달 동창회 답습 Strong 참외 금융정책 ##KE 불량자 환대 의정서 화학식 허드 벌여왔 7100 꾀할 프랑수아 메라 414 개사 수복 이상일 이광수 크래커 사쿠 자랄 장직 ##ysis 문제없 바티칸 ##UL 갉아먹 금토 ##uture 홀로그램 곶감 범한 후반전 갑작스레 응급처치 니버 413 영회 토성 조도 투표율 후견인 에볼루션 ##순간 전채 중사 김춘 동심 래는 ##iance 난해 사이토 공금 보쉬 취재원 Display 직설 철분 아이큐 ##oxx 이승훈 쏟아질 병아리 라디오스타 답장 파킹 ##안전공사 어린이재단 린다 수자 알몸 폐회 명당 자결 해로운 위구르 첫선 김정태 나만 니코틴 머무를 ##투합 ##ada 소국 ##TION 382 ADB 벤젠 쉬우 의기투합 ##머신 아구 부록 전초 연구관 급작 섭리 숙식 더없이 갈렸 ##만장자 세운다 억만장자 니케 붉은색 데이즈 욱일기 철퇴 상하수도 흉부 중형차 YMCA 경종 건축법 드링크 발사대 삼다수 ##ude ##모스 맞설 지피 군장 ##시타 분발 ##imit ##양함 삼공사 박홍 설악 지류 광활 떠올려 퇴각 개이 황급 항우 걸으며 누군데 송달 경제난 불출석 벤더 싸질러 터트렸 올랐으나 방자 아그 구혜선 국방위원회 성호 굴러가 재개발 좌회전 으리라고 산본 때릴 자주포 Short 코피 ##충전 노미 ##진창 월급쟁이 중얼거렸 내요 허비 Gas 8100 ##aker 홍기 숄더 옮겨져 전지훈련 수현 타오르 쳐묵 ##사장 머슴 절절 떨어뜨려 태동 경력직 앙코르 결백 심려 뜯어내 브래드 제창 BRT ##장수 로더 이동국 엉망진창 찾아온다 American 재단법인 듀크 깝치 정녕 길들여 드레싱 미대 ##oa ##아트 꽃게 선지자 ##거림 근친 bit 경험담 파라미터 ##줍니다 격퇴 냅니다 댄서 세면 시네 티아 다시마 무르익 살아난 작심 출장소 els 작아지 유커 set 암스테르담 마담 빚어진 분지 ##무이 수놓 천민 추문 가산세 KOREA 친애 ##개골 슈어 앙겔 ##tv 삽화 가권 송혜교 View 매집 밤샘 군소 빅토르 한계점 high ##좌왕 빨라졌 연평해전 써야지 진천군 우왕좌왕 미친다는 소프라노 금광 고위층 과기부 ##vp ##합성 병렬 ##체스 동신 515 패트릭 담길 송영길 베푸 조감 ##천면 도매상 저따위 바벨 스파이크 갑판 젖소 서울우유 박제 세워져 신학교 Plat 호주머니 농정 담뱃값 컷오프 스스 한다든지 해동 식문화 캔자스 들려준다 범유럽 농산 Peer 올림픽대로 시험대 ##결제은행 동방신기 국제결제은행 LINE ##대군 긍지 ##prise 구술 성진 용스 검정고시 강유 수일 투르 Vir ##레알 성곽 사보 Sil 전환기 경찰대 Sing 세후 이륙 총책 묻어나 ##부수 보해 장신구 품평회 MX 임페 총점 가로챈 멱살 민의 장권 두드러기 식견 철도역 프랑스인 마동 충정 앞질렀 송심 요망 야스쿠니 평방 429 리차 부금 Dav 클로즈 제습기 건널 안상수 ##지처 양안 해조류 미확 ᄊᄅᄀ 난데 안종 어루 반대표 ##ird 장작 로드리 충신 2028 down ##미드 라크 424 정략 기폭제 Km 어의 정순 ##연수 잘려 CAR 가브리 베이비붐 1908 계세요 ##그램 Instit 더워 임동 ##디엔 ##vel Gal 기어들 아스널 영사관 방진 방호복 지역난방 Level 주접 쬐 ##스테 광폭 왕관 카세 수출상 현악 딸린 465 AIA 버버리 ##금융그룹 ##차곡 북남 양희 정봉 즐긴다 부산진구 차곡차곡 라벤 Marketperform ##당당 ##식당 ER ##을지도 513 취한다 우리금융그룹 수학자 유명무실 ##조심 노영 캐디 디아블로 다단계 손수건 단선 망간 베젤 송아지 시뮬레이터 국유재산 달려왔 상견례 원제 HDR 요셉 모하메드 감출 전정 ##죽순 Sim 떨린다 슬롯머신 KN 무참 427 순결 아다가 더블딥 미룬 재충전 우후죽순 옥중 정신없 대덕구 개박 위정 윤회 탄환 행여 381 생산지 충격파 로하 배변 목수 상성 연장전 기념회 구해야 물리학자 뇌물죄 뛰어났 오도 not 억누르 OTC 빨갛 피카소 코미디언 강팀 ##rent ABCP 다녀간 골프클럽 내몰리 박태환 특임 낸시 구더기 북동쪽 수출품 프린스 닭대가리 정훈 미켈 Pass 격변 숨결 황영 다더라 치료사 ##DPE 내통 작목 생산품 괴한 신해 방방 횡단보도 굴레 ##랄드 대각 상방 389 부정수 이해력 ##ates 운동화 보미 ##감사절 추수감사절 드니 ##누이 마카롱 Social 계면 천일염 ##대간 레그 겠지 신공 안도감 백두대간 입다물 비츠 근무지 모터스포츠 pj 주원료 백남 내줄 오목 요런 ##di 방촌 될까봐 인천대 더우 포병 이맘때 ##콘신 신방 위스콘신 ##성기 로데 업력 일주일 미원 371 자동차세 ##슬레 친수 활보 ##레기 민화 리무진 굴려 참이슬 스푼 메아리 논다 배전 Qual 금할 종파 환희 ##반등 항저우 ##에나 스타인 정철 Cur 급반등 리셋 합헌 씁니다 ##등기 주요인 메기 명랑 par 독설 장석 갔다온 낮잠 한계선 핵미사일 덮밥 ##지변 교무 풀려나 가린 근로복지 당구 괴롭혔 허망 쌍판 치장 부감 빌어먹 자해 이유식 굴착기 ##약품 구광 Mem 다움 치운 애절 컬쳐 홍채 국제축구연맹 ##점검 ##타디엔 418 ##슬쩍 피렌체 LIVE 에르메스 타타 ##제지 후술 398 1912 자연주의 골판 나야 ##잣집 김강 알킬 428 소방대원 파이트 미궁 어반 국민주 로미 가만있 Server 제쳐 로바 번졌 쿨러 Oper 삐뚤 해다 밀리언 모셨 평택항 ##부지 깃든 일거리 ##탄두 Underperform AMG 재점검 번화가 본심 악사 sur 전야 기어나 밋밋 트이 한입 환각 저랬 문답 평균값 ##count 한솔제지 냈으며 들일 론가 서안 ##설량 ##린더 리나 초능력 도원 집시 비토 탠 광전 노심 유행어 휴전선 대역폭 버니 급자 밸런 보유량 밸런타인 각주 376 성윤 bar 혁신안 ##기수 수경 불순물 기자실 희극 PRO 끼친다 불모 빈다 뉴스룸 ##cript 리투아 리투아니아 폴리에틸렌 강할 카멜 챙겨라 천재지변 내츄럴 금오 벌집 ##호식 농공 지코 무함 월계 배스킨 은퇴자 이효리 집합소 지명타자 고검 라드 ##ices 한건 김두관 을라 향응 전기세 국제금융센터 계도 한국과학 ##FT 버럭 피니언 지영 인디아 ##의지 후광 ##oi 만반 상파 리셉션 봉황 프라다 ##좌파 연막 ##주머니 535 Fig 굴하 놀림 Mot 덕수궁 나잇 도인 이음 줄래 트렉 은산 볼려고 ##etter 도심형 반바지 베이스볼 거래제 중종 개선책 백지화 ##델리 국조 박완 방귀 우마 점쳐진다 캘린더 ##에고 핫도그 가곡 미끄럼 CBT 꾸며진 류승 목공 디램 박신 버진 온다면 허창수 ##js ##니지 ##종일 GD 애자 코우 할걸 ##쩌둥 ##으리 마오쩌둥 비티 373 ##ther 기웃거리 항시 울컥 ##어진다 영결식 보문 엇갈린다 ##GE ##KA STO 매스컴 성취감 움직여야 구덩이 기타리스트 임지 충치 GKL 서병 해준 종량제 양봉 고지혈증 ##내렸 HTC 달아난 마수 소피아 역기 젓갈 블랙베리 산점 울먹 접지 374 하이드로 ##ca 부실기업 Christ 밝혔으며 처남 숙련도 멍하니 매미 난치성 ##tn ##베네 왁스 456 비쌌 391 ##너츠 ##노트 오색 컨버전스 학도 Mid 복통 ##ards 시원찮 발행인 프라이팬 스테로이드 good 수가 할려는 입회 ##6570 포르테 냉혹 인어 픽스 근로복지공단 가이드북 뜬공 Grow Post ##bm ##분석 초임 End Associ 냐고요 영영 줄기차 미코 냉매 버들 ##애플 늘린다는 퀴어 리볼 요강 튀겨 회도 판매원 코스튬 두만 하시 393 ##경화 물줄기 합세 로군 상냥 스펜 들여온 버나 석탑 유일호 Cash 안타까워 선화 만만찮 맹자 부티크 검술 음대 ##충돌 비뇨 아키라 피어나 ##hem 덕담 표가 호통 바이옴 국순 fun ##은정 달려오 물어봐 스나이 먹을거리 도핑 써왔 359 마침표 그리스어 내력 농원 심포니 미쓰이 ##눈썹 무위 조셉 왕권 자유로이 533 ##za 무풍 크리스틴 북아프리카 Active 쌍방울 부타디엔 부경 앤서니 골칫 왕건 평시 헛되 ##씽크 ##코비치 추모식 ##씽크빅 크나 도형 397 ##isa 번트 하영 박순 1120 웅진씽크빅 ##amil 그럴수록 lc 뱅가드 상면 레퍼 본조 물증 저음 알칼리 초일 부본 해악 신용장 가림 관방 실어 현자 부양가족 난치병 심해졌 케이지 기껏해야 ##미어 줄리아 유한회사 재빠 그럴까 신축성 국순당 생맥주 장경 알라딘 손경식 Korean 동년 직분 ##aver 들여와 신용자 칼륨 ##빨간 동물보호 1350 불붙 494 빚어졌 거만 연금술 이재정 Sell 유황 최명 마이어 텝 병해 혈연 ##ga 이뻐 자우 국방력 당진시 신제 아소 정성껏 경련 ##대성 겸한 송재 약소 임페리얼 부릅 이부 추경호 Airport 혔 잡혀가 ##친화 카페베네 mRNA Dev 불닭 헤아릴 1544 밀봉 도곡동 대우그룹 페널티킥 Af 늑장 ww 도감 뻣 나이프 시미 난장판 동북부 밝혀냈 어카운트 뿜어내 울상 ##예진 깐깐 어시 발췌 이정희 풀뿌리 석류 순기능 ##ovation 항명 프로세싱 심판원 개기 광석 남영 콥 ##절절 뚝심 무해 척수 김성근 나와요 ##come 냉각수 들이닥 염색체 악덕 WB 다느니 바라기 394 부활절 천연물 구구절절 프라이머리 진달 발기인 한낮 ##트라이트 다그 탈법 연발 오판 공유제 HL 정치권력 환경친화 토마 ##광이 감점 영일 홍길동 나가사키 호사 ##정부지 미나리 ##공주 김흥 남한산성 ##iet 정발 421 뉘우치 야자 빌려서 두드러질 광역자치단체 클라크 WD 387 하기야 탄창 눈알 멸시 이충 디오스 정족 주종 퀼 임자 요렇게 말뚝 위지 점증 사직서 ##성대 ##다간 MICE 이용수 천정부지 해직 ##데자 면목 Tier 저작권법 나아진 안성시 ##불교 ##데자네이 양로 ##사관학교 저촉 레노버 혓바닥 시향 앙겔라 1911 409 생쥐 용문 지방비 쉬울 속눈썹 쉬웠 BOA 신아 청소년기 ##HT 게요 총학 ##GC 디젤차 ##천후 퇴비 굳혔 백기 최희 기제 예대율 알려준 북로 ##ynam ##행선 ##도장 늄 김광석 크나큰 휩쓸려 ##iff 공경 으르 거느린 WWE 글로브 보내왔 찾아낼 왕정 처방전 아쿠아리 유가상승 양돈 김태균 아쿠아리움 ##FR 대경 리필 528 아랍어 러지 어따 cgv 예선전 마테 유어 ##석유 내방 똥구멍 불쾌감 놨는데 476 사문서 흩어지 전편 외양간 등반 이다 GMO 무의식 구색 마천 추려 콜럼 이동한 North ##령관 병든 여지껏 광역버스 계단식 FU 레퍼토리 여소 어정 해칠 농후 소년법 ᄑᄒᄒ ##그로 향할 자산관리계좌 변협 피폐 교관 용산역 ##뮬러 HIV 유나 주경 ##꼭지 다세대 카트리지 역서 코파 ##afe 소세 쁘띠 이익환 작화 448 보건부 반한 사정거리 엠마 복합체 기괴 ##sw 검침 대체재 ##황후 IQ 동고 리파 vip 구로다 실행력 가족사 세워서 노지 카톨릭 지력 타코 변장 라빈 핑거 홍순 압축기 겠죠 라데 os 휴가지 가로질러 ##산역 말라리아 오퍼레이션 태릉 수신기 tw 급식소 와카 이징 고율 내고 묶이 세연 불미 크로스오버 산산 삼청동 교학 중미 거닐 곰탕 금화 지어야 슈틸 514 666 신장세 ##uf 성자 오현 정배 ##raph 발란스 대야 후송 ##omc 기뻤 ##페스트 여전사 옹진군 시문 야겠다 답보 이슬람교 바바 주화 먹혀 즉사 자포 붙박이 환태평양 tech 중앙선관위 호리 슈틸리케 도곡 스피릿 여행가 조부모 오버행 총무원 럿 부종 점인 곽상 무정부 자료실 파인애플 행방불명 어겼 쓰러뜨리 곱하 프라하 현관문 기교 음흉 ##께요 니콘 ##셔야 빈스 여비 녹색당 개탄스럽 남점 ##미술 응수 444 ebs ##길이 테드 그럴싸 바빠서 ##데자네이루 리우데자네이루 간당 움직인 Cam 송지 엔에스 샌들 세레 물으면 스쿼 금소 압권 도전자 방부 압록 월비 입감 위법성 개차 끈적 확장팩 흑연 이사철 송기 풍족 전원주택 약체 우리말 ##인격 설훈 와트 통솔 real 데기 Flash 여분 열일 침식 451 건실 맹신 외도 재래식 지드래곤 ##양동 단체교섭 시시각각 452 기어이 라파엘 스탠딩 녹이 물길 웨인 밝혀왔 다용 어루만 장진 공익사업 속공 ##통장 데이빗 삼척시 챌린저 독교 ##댑터 ##orea 송수신 포뮬러 부러움 사변 Ang 태안군 흘러나왔 ##기스 송승 ##hip ##래기 ##렁거리 ##face 우회전 찌푸리 월렛 주광 기록관 한다는데 어댑터 ##활동인구 경제활동인구 과중 ##불성설 진보신 서든 615 어불성설 부직 주재원 ##계선 정은이 탐지기 ##RK 곡면 엄하 회원권 진핑 School 격전지 back 올지 켰 할머님 신태 루카스 대한전선 MY 마태 빛났 아이구 ##명부 산삼 무가 조간 현란 앙리 ##간첩 ass 488 정회원 고이즈미 오트 사단장 향료 여혐 미니스톱 ##망상 산술 스파게티 발아 형체 싸워서 중하 공백기 언약 ##꾸미 드가 용맹 직통 IMM 어감 마자 한독 Da 안지 양곡 437 어찌하 Soft ##ple 우전 434 콧물 과즙 앞선다 극단주의 다년간 끝마 관광호텔 ##야스 승전 후작 주사기 기울기 갈려 중계기 지출액 되팔 징크스 익스트림 438 핵탄두 백라이트 핫라인 ##선지 지카 언론계 ##iving 곤경 액도 폐단 고발장 부드러움 ep 김명수 쟁탈전 방열 망해도 수괴 황창 허준 해맞이 무함마드 망가진 시아파 여상 보여줌 your 사회주의자 가망 승급 구광모 ##니컬 똥칠 ##ideo 765 투박 포차 빼앗겼 딸래미 다람 체구 기동성 만석 위화 증익 밀릴 총탄 투항 고릴라 골대 데몬 ##치우 거림 멘붕 리버스 ##HS 다롄 쓰여진 ##lee 빛내 속일 전반전 ##린내 들어줄 숭실대 퍼줄 소장품 ##모사 426 가주 bts 겅 Rel 코스타리카 테이크아웃 해변가 알아차리 ##택트 나체 주순 구한말 ##ations 우이 입방 뚝딱 분규 전현 순번 인피니트 불협 나무라 자조 향신 실용화 노른 지킨다 조심스레 1899 미치광이 안전시설 중신 이중인격 0519 산자 열의 임사 유대교 다마 사케 유림 000660 서체 해사 이나라 총선거 스프린트 뒤처지 마르크 일갈 한일전 피웠 노선도 ##ena 예약자 황재 운지 자빠져 ##ability ##승원 시퀀 연의 ##비크 도시민 ##포화 직류 ##버른 지만원 밀실 바꿔치기 나빴 살벌 431 이니셜 종국 진시 도로망 1750 yj ##KO ##서도 감찰관 업보 시트콤 경솔 BYD 도통 ##슈퍼 귀감 453 정구 조직법 장엄 반인 공터 성장산업 각양 누님 점도표 ##구만 사키 허상 궤양 출채 살아났 윤태 촉감 건의안 플라잉 코튼 379 내려올 ##ama 영접 468 건축주 서플라이 우원 전회 광둥성 끌리 오미자 구좌 바그다드 ##막지 소도시 어떨지 군국 ##ottom 벌거 잡이 최루 루이지 시어터 팔레트 골판지 ##ights 멀티플렉스 재형 혼합물 Premium 옛말 수증기 이래라 ##ply 씨씨 남동쪽 ##모닉 이항 ##ustom 양원 und 뿌리치 국관 장유 튀니지 ##진청 are 기표 슬로우 대전광역시 ##ification 생산비 ##폐율 쾌속 ##이치로 조로 화풀이 Tim 롯데슈퍼 스판덱스 복병 엠블럼 스포트라이트 되레 비수 근육통 AIIB 센티미터 맞춘다 처한다 무지막지 지현 TAG 살아간다 로딩 키나 ##화음 궤멸 반팔 공영주 냄새나 스파르타 큘 MEG 불소 전영 탁고 돌아다녔 464 리야 사포 찬성표 콘택트 인품 그리운 ##성어 스컬 안시 자물 458 risk ##eta Hotel 약했 장력 최은 소부 부머 슬럼프 노노 송병 룰렛 울창 사멸 키운다 티코 ##TM ##박사 ##FTA Po 와일드카드 ##ham 사일 ##치락 하등 건폐율 앞부분 위중 그만둬 배부르 아데 안국 말세 ##appy 운석 탄산수 통영시 1906 밝혔으나 거긴 산탄 케임 베르크 일목 저격수 코라 호미 능통 캄캄 국제여객 여생 미소금융 인벤 테너 차오 인터랙티브 아임 들으니 행진곡 유두 아동복 메릴랜드 YS 곱창 Rad 기차역 데뷔작 어쩌다가 높임 박미 필하모닉 고우 후천 문학사 관리직 새로움 따돌림 cb 헷지 ##une 모략 Rock 불패 어도비 차고 배성 GN 에센 만천하 맞물린 ##oot 차손 찬탈 타투 유태인 부귀 스펠 옵틱 거미줄 강과 모나코 과학관 비탈 데요 특설 ##unk ##idge 승부차기 후임자 저커버그 가연 함안 수족관 총영사 토스트 설렁 디비전 멜버른 안토니오 최용 PCS 인디애나 ##HC 수포 Plus 한마음 박범 쑤셔 데려와 반점 형지 일깨우 체포영장 Show 괴로운 주모 ##산리 ##애애 del ##공영 소작 미하 지제 본다며 캐서린 도처 Spr 거북선 주진우 지재 522 선거제 442 보은군 응축 간신배 윤종규 스쿠터 조선왕조 불나 오두 끈질긴 펼쳐왔 코비 462 앨라 근방 세인 승하 우면 자당 창덕 538 스피어 부딪혔 파드 ##of ##pi 436 눈초리 임명장 ##고집 지론 ##광호 고아원 갈려고 ##비언 낄낄 늘려서 대할 장류 이아 523 524 자음 ##트리올 몬트리올 그을 피스톤 아집 한다더니 룻 산시 신풍 수십조 아파하 view 기명 부축 미노 출연자 고흐 케이엠 공국 ##이탈 맹비 쩔쩔 산란계 ##UM 브라이트 ##도니아 투철 에비뉴 꺼낼 472 기뻐했 따듯 퇴역 517 푸른색 1909 다질 별빛 넬슨 총사퇴 영속 독대 함장 ##뚜라미 ##신용평가 미착 티브이 노광 심볼 리세 숨겼 컨베이 국전 갈아엎 수확량 GAAP Lee 매장인 스무디 el 송편 농진청 단기채 South 한국신용평가 이론가 디지털카메라 개운 민지 뇌관 구설수 만화책 ##ancial Er 쥐어짜 외화예금 태화강 그리워하 존폐 향교 ##vern 신춘 내야수 안전벨트 탕진 약해졌 버무 본예산 준위 GG 040 리차드 기를 545 암벽 파라과이 모비 남중 하치 ##펜하겐 길바닥 코펜하겐 토박이 고라 다날 Lib 넘어온 Engine ##ions 신인왕 포켓몬스터 ##캠프 CSS 느낀다고 서평 물어볼 후추 ##브리지 을사 이동걸 메인보드 물살 변리사 ##냉면 온과 기도회 수그러들 ##배마 팔다리 앨라배마 454 칠판 안드레아 스나 양조장 ##아닌 새긴 ipt 지껄여 ##댕이 최고령 OUT 두바이 제값 기다림 치러졌 휘말려 게놈 수부 장고 치러질 체자 ##맥상통 기가바이트 원세 김종필 미명 ##by 납입금 간수 일맥상통 주동 였었 뼈저리 ##투표 로렌스 ##배서 초일류 썬더 이바 연대기 당리 거친다 랴오닝 순화 바오로 ##ivate PHEV 호의호식 등쳐 송곳 자필 따져야 CATL 옥정 김영주 md 파가 kr 급체포 부직포 떨어뜨렸 응할 절임 바칠 해빙 빌렸 점원 거슬리 바라봤 ##치마 ##백산 케미컬 목선 윤여 죄목 척척 파쇄 진일보 Office 알펜 연식 정약용 ##ki 441 윤종신 ##폴리 귀뚜라미 쥘 요청서 행패 색이 글러브 강모 화기애애 하키 상호저축은행 가구주 도라지 중공군 테네시 ##며시 천공 확성기 올림피아 손맛 덜하 위임장 에반스 한명숙 ##ifa 482 제패 델라 스모그 준표 훈련소 관로 텅텅 회추 ##테인 기성용 사납 cell 체득 두꺼비 ##총련 이조 SMP ##ider ##비츠 동화책 ##tra 지겨 백정 붙인다 ##시공 타살 체인지업 아우라 탄자니아 467 이어간 Cycle ##건조 에덴 진달래 아벨 동문회 ##하하 절경 제복 Control SCM 빅리그 스탑 601 경장 ##bl 지방대 ##ournal 뒤로 흐느 446 환적 간간이 젠틀 한걸 암살자 ##bon 거리낌 논설위원 불협화음 별내 선녀 그니 내자 하숙 Ben 계모 공진 온종일 렌더링 관치 1880 1904 Capital ##러윈 뼛속 일장 ##그래피 핼러윈 각호 서둘러야 평의회 데이브 길잡이 김진표 휘둘렀 두개골 추태 ##나르도 부지기수 두른 아몰 환금 이재오 귀책 까대 실권주 두레 리디 성광 어쿠 온난화 이탈리안 ##시울 마미 촉식 ##핑크 타의 출판물 박명수 일정액 판매업자 사족 612 눈시울 대자 선악 파킨슨병 ##흐로 사야 문물 중한 ##기술원 문제집 정치력 집집 ##구장창 Type 한약재 4050 ##연자 디지탈 수니파 주구장창 Brand 컨베이어 비산 거린다 성행위 페이크 담보인 한국과학기술원 449 바야흐로 여명 말다툼 묘미 이웃집 건식 1890 깜찍 rpm 푸념 LE 갈구 따님 Auto Rem 초순 리시 잇츠 코디네이터 떠올릴 각양각색 프리큐어 홀몸 짓눌 전업주부 이기심 ##uit 나루토 명도 체급 하얀색 관보 당적 엑손 컴즈 ##짓기 스윗 SHO 흉노 NTT 거듭났 ##문트 교권 묘목 했잖아요 생크림 신림 피로도 되려 일그 문세 ds 대수롭 정교회 Multi gro 웨이보 격식 전력난 ##예우 남긴다 보리스 방도 Chem 삼림 석연 사대주의 일회용품 KH 딤채 민초 비빔면 헌병 동해시 콘트롤 맞잡 알려짐 인더 숙박업소 몽환 변절 447 미역국 아쉬울 운송비 과소평가 맏형 눈뜨 KK 보살피 개짓 감지기 거주민 알린다 증거물 전관예우 water 혜원 기설 머플러 프라이어 돌린다 동부그룹 고참 ##ze 사통 노동절 망해서 ##스테이 빗방울 부다 457 층고 특권층 휩싸이 Of 협곡 김중수 ##읽기 LD 학제 수준급 예찰 IHS 진사 xxx 위용 연금법 정족수 참가국 등불 빈폴 이엘 일어섰 넥센타이어 ##강도 레비 529 간호학 우짜 463 방배동 찜질방 올림푸스 라텍스 참의원 단타 황은 이반 원합니다 ##두렁 음직 443 프레디 출중 ##그라드 ##스트럭 농어민 ##니치 반목 복습 인강 잠재성 크리스천 전출 본안 빅스비 추천서 헤어졌 fomc 레크 계주 헬렌 어질 수영구 ##의학 원샷 ##로호 발명품 술탄 쫒아 감소분 신다는 자물쇠 창신 향긋 명중률 기다려라 낙수 퍼다 IPA 갤럽 악물 따릅니다 잘리 아름다워 샐러리 남하 추동 전청 후려치 ##정신 화병 ##에이징 바이킹 안티에이징 da 방파제 불이익 제곱미터 1915 IBES 부광 반딧 병살 살필 흥정 심심찮 창작물 fda 중국식 들르 등산객 지녀 언저리 display 진즉 vod 몸뚱 헝다 Credit 벅찬 역배 원폭 544 국과수 기암 483 ##상식 편할 현격 터져서 ##갔다 북풍 화난 WoW 기니 오자 ##스토크 ##치료 건달 구균 회항 하정우 아네 마네 속칭 대포통장 어려워서 혈맹 박성현 떨어뜨린 전모 동봉 고발자 ##ka 불어오 ##렛대 bas 지으면 망가뜨리 머드 지린 575 sky 하객 위원단 ##몬트 음영 안영 나랏일 ##독성 기신 오키 498 클레어 평야 쪼다 003 Point 무화 겉보기 삽시다 에이트 재끼 사파리 압박감 잠긴 한다니까 둘러볼 동주 가브리엘 에일 전근 한해 ##pos ##uch 진양 가지가 두둑 혜안 저지를 지렛대 해줍니다 철권 갈라진 독일인 심리전 ##그네 다림 보배 우천 차수 덮여 ##다닌 망토 김응 532 사이렌 ##론자 도호 선충 한게 커밍아웃 흘러내리 스타일리스트 애새끼 보인다면 jm 셀링 소하 이헌 뎅이 보여도 보험업법 di 닫혀 시연회 Internet 흡혈귀 UFC 존나게 ##이센 부고 정근 파밍 애타 음해 곧잘 레진 채색 샘플링 ##스러운 편제 Mich 리젠 ᅲᅮ 야식 바이브 취해서 검표 말렸 무빙 맥킨 에밀 파프리카 부비 태승 Neg 705 스토커 이영호 ##블루 ##자치시 사격장 홈구장 선과 공방전 김종국 특별자치시 ##보트 꿀벌 수면제 ##order 직판 med 움켜쥐 Media 거름 콘래드 병해충 흉악범 ##투어 ##use 공주시 ##거려 ##수사 김용범 만진 ##창구 다로 알아본 ##acy 대보 황병 한옥마을 경포 act 하동군 ##fr 곤지 스마일게이트 라프 ##덕지 ##의정 469 ##대리 아편 일러스트레이터 534 듦 오열 차급 허기 장보고 조수석 한국학 안내판 돌려보냈 프로토타입 NCS 엔카 편수 대대손손 이르면 향신료 레이디스 어니 509 성인병 주대 가한다 왔다갔다 원두커피 ##자매 스펀 치러진다 특종 ##네즈 짝짝 머뭇거리 스태그 는다면서 갈매기 노른자 빈센트 ##담보 타이머 읍내 리지 거래자 Plan 칸타 먹일 읍성 비게 우겨 스미토모 ##통제 민우 ODA ##백호 망설임 제어기 ##노당 ##르기니 ##iron 람보르기니 개관식 선동이 이주노 자료집 변변 전고 아전 예식장 은둔 에메랄드 우석 민노당 보쌈 극작 Music 볼수록 불안해하 Great 478 Wel 메종 산실 466 되도록 방명 아지트 RIM 리얼리즘 Grand 일시불 오간 ##테말라 대첩 해수면 수행원 의장단 포도당 과테말라 클루 474 퍼블리셔 가제 가까워졌 527 매서운 에이전시 까만 전점 블릿 야욕 중의원 사르코지 ##DE XR 고프 망이 전립선암 기환 우가 556 iptv ##농사 틸러 ##브로드 과부하 빼돌려 내려간다 Pal ##넘기 연수생 독백 타행 물대포 번창 진출로 주황색 망해라 배속 홍천군 다녀갔 나왔었 청량리역 주디 항법 엔도 태양계 울화 ##reet 변전소 Master ##달라 호가가 트랜스포 WBC 뉴턴 고달 카일 ##바도르 민방위 모터사이클 건성 1450 신우 일직 Imp 김유정 야시장 모카 ##룸푸르 ##배서더 sub 체육계 앰배서더 투매 현종 esg 널렸 꾸며진다 저학년 피서객 Fab 이성윤 베베 옷감 픽업트럭 ur 고약 그렉 석재 진경 ##소영 영빈 439 IND ##사정 뜻밖에 천수 ##바라지 COM 니콜라스 아이리스 Development DV 격분 ##atter 음미 뭄바이 펴냈 다자녀 ##워스 핸즈 ##샅이 권능 난청 내팽 염분 ##lean 서라 MAU ILO 대립각 의장국 호빵 VPN 딜레이 ##ners 김지영 학우 과수원 리우스 book 허울 금감위 ##대왕 글꼴 칭화 1895 ##스태 ##akao 디엔 개콘 ##내미 청두 샅샅이 그러니깐 ##랑크 지하실 Hz 먹칠 ##간다는 발표문 롬니 비거리 아르메 끝납니다 관원 컨템 흥겨운 대감 서막 ##earning 진우 트랜스포머 얄팍 1913 주형 자투리 부차 비아냥 리거 진취 진피 DSLR 노블레스 471 드미 첫눈 605 ##튠즈 ##마개 ##양이 양제 질지 비협 빈집 아방 아이튠즈 ##시원 광양항 Copyrights 야죠 이법 ##카도 괴상 기지개 압록강 피조물 나침 한선 시다 원탁 value ##ris 씨알 티모 군내 발품 전리 근해 돌림 ##시위 keb first 사오 ##루이스 김천시 헤겔 비엔나 웁 목표물 수감자 아낌없 밀반 보광 송두리 교통편 간탄 내복 얼라 ##잇감 ##ady 비안 배현진 1550 풍조 Food 남남 조흥은행 실바 요우 청력 맹비난 부르크 성장도 김범수 모병 면세품 기마 기관사 주변기기 496 ##바이러스 우터 소자본 플로어 에스컬 에스컬레이터 브릭 강사진 도와야 외동 SKY 나성 디레 성내 ##지리 손영 밀려난 초호 촉박 간척 숨져 노재 로레알 담근 훈육 487 갈리아 다를까 건도 비춰볼 포토샵 올린다고 도파 어구 리저 봄꽃 712 스토킹 개꿀 마에 재소 골드바 설계자 연합체 공항철도 악착 아삭 정읍시 ##보스토크 ##축구협회 블라디보스토크 앨리 은행법 대한축구협회 분원 에밀리 제니스 딸랑 텍사스주 Electron ##kw 살만 터뜨린 현대판 경조사 상품명 산만 SAT 주전자 ##무대 전국구 몰상식 선지급 툭툭 재정난 기울인 상트 혼탁 ##다비 구문 ##얼빈 테타 감춘 망쳤 노파 박일 전력량 까맣 족쇄 아들딸 아킬레스 음파 팔짱 473 치우쳐 ##갤럽 암반 글리세 지게차 ##계리 ##바글 골몰 런지 성윤모 출자금 507 진다며 ##스코리아 wto 자른 비말 프론티어 송라이터 찌든 ##지심 단임 설파 영자 장화 한국갤럽 용법 논조 Sant 티브로드 내치 용광 토라 감염원 당선작 거치대 순공 벤투 어려워진다 광채 달기 잠실동 카이사르 531 발병률 고용자 알아채 언어학 하얼빈 해진다는 문안 관급 문민 하녀 현물환 ##로니 기시 승무 둘러본 미각 적조 차일 걸요 곤욕 West 유노 휴교 해놨 미나미 제끼 스마트카드 휴관 BPA ##관세 산속 예타 ##관광부 아브 미쳐서 끼우 분진 스테판 588 문화관광부 Application ##오줌 네비 484 발전시설 은근슬쩍 들어갑니다 ##리온 묻혔 지럴 호원 앤드루 ##스태프 상륙작전 함몰 청량감 유흥주 오프로드 ##쉐린 잡곡 표식 ##리우스 미술사 미쉐린 역사가 독립투사 룰라 열병식 요점 졸지 콘서트홀 좋아해 도려내 피지컬 KISA 꿍 여백 짭짤 ##천년 잔다 찔끔 ##버릇 어젠 초도 포자 DK 아서다 제막 처가 개떡 육계 배리어 이정환 대흥 보일지 Capex ##통행 농법 493 술수 집배 Mx 산별 ##케이크 간행물 ##채기 헛된 혼전 안무가 link 계산대 놀부 통원 565 모험가 환영사 아의 훑어 경산시 타쿠 험악 내서 552 다트 정체불명 습한 이끌려 보호주의 에너지부 들춰 코칭스태프 포춘 무안타 실력파 초고압 Growth 비니 자간 속박 로지스 Week 불러도 성운 상트페 상트페테르부르크 ##헤이 세칙 물밑 기계식 박용진 요람 바글바글 겐지 768 후각 그래미 어쿠스틱 ##서명 연제구 Solution 염전 파커 영화인 RD 역발 진군 승부조작 단돈 본디 ##필수 ##세탁 481 유로파 공유기 조깅 동갑내기 만지작 ##거릴 초읽기 ##츠카 폐선 라이나 박진영 학동 치워라 꼴값 담보부 박카스 461 떠받치 헛발 곁들인 아르메니아 자궁경부암 Fire 내어 ##유사 헤일 ##reat 헐리우드 알약 655 GU 새천년 ##스트럭처 라가르드 확증 윤석민 ##si ##yo 걷어차 콘센트 인프라스트럭처 매가 NEC House 당께 다면서요 불입 유품 군무 환우 부추길 꺼진 사향 보름달 ##verage 병증 받아쓰 정혜 매끄러운 최기 542 사무엘 살아라 전치 피쉬 ##손가락 김기현 ##리니스트 망자 펄펄 492 PDA 지나칠 카리브 윤봉 국난 어셈 깨알 바이올리니스트 풍문 부자재 ##묘지 속기 평신 정신대 스냅드래곤 Set ##슬기 부강 출정식 유장 명수 워렌 계기판 드리블 버추얼 본고장 비틀즈 금메달리스트 sr 실러 용설 근거지 fifa 925 악세사리 빨라진 까발려 이상훈 Science 양악 문자열 노장 수렵 ##카쿠 넘버원 거하 건기 깽깽 박남 부잣집 그레이스 선경 침뱉 585 꾀했 닉슨 점쳤 코란도 ##런지 뇌리 구연 에워 비속 엿새 장서 CRM 책임져라 원아 현금화 박하 임병 ##min Wr 픽처 대니얼 돌려야 해져야 끗 허름 도마뱀 수익자 나타납니다 어정쩡 격전 투지 여론전 갔으며 고기능성 부어 세종로 반원 굳어지 나았 박서 코로 부드러워 어판 클라라 뼈아픈 신경질 ##우먼 고파 에베 주원인 휩싸여 보시 이매 톱니 이청용 은행나무 622 최강욱 율곡 도망쳤 풀가동 성부 룹 ##간선 성교 애환 총감 제니퍼 지킴이 2060 Process 618 비업 이끼 예물 엑스맨 학예 기립 뷰어 ##uble 김현정 목성 흐릿 광명역 ##ivity 팔뚝 라던가 꿀꺽 천변 치주 정치색 가르시아 악령 북서부 별일 동수 상징물 수술실 신제품 국내법 모조 암사 짤막 ##렘방 강제성 신증설 팔렘방 NICE 521 non 축구팀 웅동 반란군 전자서명 ##wa 인쇄물 감췄 머들 세치 546 비비안 깃들 양계 자차 돌아볼 밑바탕 당락 놀아 따먹 불꽃놀이 ##프레드 정심 ##간선도로 라멘 창백 친필 서양인 프로이센 대합 엠파이어 능한 염화 외삼 ost 올랑드 대주교 비뚤 ##렉터 선심성 1130 화염병 Head Team 워크래프트 선승 아흐 베기 pH 알카 작단 경제부 맞받 Action 헤치 희안 건너갔 광어 519 막아주 ##무스 니치 짜내 하교 호이 저기압 김재규 ##안경 QD Mart 알트 산림조합 화이트데이 Special ##타니 ##미화 아련 독학 Pop mon 이동형 합의체 공포감 들여다볼 ##희경 상급자 문파 정홍 Log 다른지 떠다니 앞머리 애시당초 BAT 도레이 조용병 결항 귀경 푸마 클라인 class EPL 신뢰감 지나쳐 혈액형 겨드 침탈 끌려갔 ##접속 ##바이잔 달라져 하향세 관광버스 덕성 477 부주석 ##지스 의경 폭스콘 민호 보살펴 아제르 못했으며 ##irc 준동 soc RG 서툴 한국남 합쳐진 bc 로봇산업 ##rib 페이팔 ##낚시 낼지 OTP 틀려 물정 아제르바이잔 덱스 ##스민 TW 사피 펠트 Android 526 고조선 몰려가 생활관 엘리스 흩어진 ##CCP 호스텔 ##갈색 ##타스 으니라고 1004 Face 허재 동대구 GL 천인 김병준 다중접속 양기 오시 ##거슨 면전 사만 칠드 동서양 현행범 북아일랜드 558 디플레 에스토 유관순 ##탐정 스컴 커짐 602 고소인 동일인 셨으니 해밀턴 ##타워 예일대 형제자매 방어구 영흥 ##거린다 543 밀양시 레스터 막대기 밤사이 ##적소 세나 ##풍기 으레 북카페 뚝뚝 알맹이 ##치미 달라도 구내식당 적재적소 박봉 해장 되새겨 백발 ##동맥 기출문제 방폐 정청래 가쓰 체대 나태 최남 기술직 실트론 최전선 본가 판화 459 Your 내후 뛴다 록스 순발 성상 원미 ##경궁 백합 엇박자 셀레 용매 소이다 에쿠스 강승 림종 가리켰 수비대 순발력 주비 물린 윤진 479 당함 억장 끝자락 돌아다닌 떨어져도 노통 667 삼국사기 여리 스즈 ##ipp 병가 숯불 적체 현대식 디지몬 상수원 죽여라 수형 좌시 그람 도예 큐티 하반 국문학 환호성 바라본다 성결 건전화 실까 기념물 강연자 하이데 바기 가입비 라세 시요 광역철도 Count ##라는 ##스로이스 에이티 롤스로이스 구차 든게 야이 635 에이핑크 ##공산 ##urg 광운 들린 성냥 남광 인권법 test 마르크스주의 ##놀림 칙칙 빈손 큼직 Price 신모 Ber 꾸며졌 ##터치 매설 압연 니키 오작동 배달원 ecb 혜화 눈부시 윤아 관중석 시달려 범칙 손아귀 올라도 심대 바닷속 불태워 world 적료 전상 ##Fi 로니 물으 쉐프 Pat 허경 은어 ##씀이 조남 ##궐선거 자두 속상하 저항력 KIST 목도 체의 똥오줌 뒷배 562 해안선 ##수술 태수 걸어왔 발트 카키 티빙 퍼거슨 재보궐선거 ##경색 497 성정 검색창 씀씀이 거렸 속초시 윗부분 제이미 ##ius 총지 피복 King 꼽혀 살까 제구 ##는데도 낙인찍 산체스 관계없 허둥 도망갈 돈가스 아시아인 REC 뇌경색 최신형 인공호흡 거둬들이 마우 눅 기댈 동승자 ##챙이 임파 클리오 작렬 테츠 관능 러서 개칭 기나 지석 토가 고흥군 역전패 시방 편백 매도인 스트릿 합격률 기주 라식 566 경제특구 뒷문 쇠락 아보카도 554 처묵 총소득 경외 후궁 내게는 옴부즈만 쩡 창덕궁 IE 장량 후끈 ADP 기술료 고명 월터 용호 차태현 바로크 방명록 ##필름 싱크대 꺾일 성숙기 금남 함구 TU 충견 헤게 양양군 윗사람 에스토니아 배웅 상서 필적 동업 물병 조의 수지구 ##백과 벼르 산둥 허심 땅바닥 맡겨야 식전 피운 당나 바베 작명 ##번트 싹싹 Tag 식대 걸어갔 극렬 마물 모듈러 예술품 이승기 ##eck 궁정 652 선교회 낭만주의 개차반 비관세 수송기 ##들러 ##지책 ##CEP kcc 미풍 김기덕 난개발 이어진다면 아부다비 ##세계 점성 청부 커터 reg ##마이 대납 방만 도사리 집기 1896 자구요 세에 꺄 산위 배당률 617 645 티오 ##ald ##ita 구세주 1870 ##olf 숙의 이종걸 다도 ##가미 레오나르도 숨김 시타 장장 등쳐먹 큰소리치 순금 브루나이 ##진흥공사 ##구동 갱이 나침반 비와 궁핍 날아갈 여행기 빅터 원해 녹인 ##머니즘 올라올 전지현 개역 불가결 활기차 브로드웨이 PLA 포장마차 터프 피자헛 www 라이엇 정두 wti 봉안 태백산 Sport 갑부 용제 화세 551 Sub 군국주의 레더 타박 매달린 무한대 엿보인다 송원 개리 띄웠 Prot mp 흘러들 002 클래시 삼바 인도적 주세요 떠맡 선릉 송산 위층 페레 RED 네타 오진 깨뜨리 news 레프 work 스테레오 건마 텐션 조각가 심해서 으려나 기본요금 라그나 으려다 고학년 출렁이 쿼리 도미노피자 똥통 예배당 골리 창밖 떨어뜨릴 밝혀진다 ##워프 난독 니어 봉송 옥수 Don 눈독 퍼질 ##ging 다람쥐 스카웃 PW 워프 캠코더 알마 자퇴 1650 HACCP ##달성 Vis ##카미 동관 등원 여심 미스코리아 ##estival 자화상 나노미터 ##골프 ##바른 무연 헬싱 ##tain 시청각 옥순 들이밀 헤게모니 리도 자타 도심지 붙잡혀 옥탑 대학살 집수리 라트비아 다네요 537 701 지켜줄 지휘부 캐머 회심 ##라이프 케임브리지 ##ids 이른다고 gu 광고판 후강 경남대 Ba 하이에나 예장 학령 이름값 인후 강해서 깔깔 몰랑 특고 수비력 상실감 김완 장한 허황 키워서 라쿠 아우구 목표달성 들어간다는 어셈블리 빈대 뚫려 아차 어나 이탈리아어 ##디슨 마일스톤 금정구 성악가 화장지 ##루냐 이경민 ##메다 주단 송년회 러시아인 쪽방 몰려드 입장객 련관 아야죠 틴트 ##네이션 건드려 깨어난 대항전 뛰쳐나 라이플 성형수술 예원 국내산 Mnet 끊김 ##aby Total 댑 들뜬 천적 IL Zero 고택 까칠 bbc 1894 립니 김정훈 서유 감싼 허베이 국민운동 단두 웅진그룹 독차 급식비 ##로프 구소 답례 ##와라 음용 의용 로하스 게나 다층 소믈 소믈리에 개울 마고 탈선 티아라 계엄군 필라테스 단아 뽀뽀 골밑 ##동욱 ##멩이 김숙 논거 서도 시우 536 비노 영통구 원나라 구월 자연산 콜레라 미야자키 원한다고 뿐이 쭈욱 ##ulture 나리타 경력자 능지처 ##고무 혼잣 코란 가토 Factor 개주 떨구 투옥 이정미 전합니다 ##중앙 변색 나빠진 다스려야 중심주의 중얼거리 국토연구원 꼬락 홍제 데몰 심지 도매가격 ##iti 도경 오딘 어린이날 누운 ##ized 금사 대전차 안다면 오릭스 망칠 mAh 락스 보폭 부별 수종 혹자 715 이동제 벨라루스 라켓 보더 아낙 한센 징집 부적응 언젠간 ##규칙 Hi 돋우 월례 승천 율촌 이두 험지 메주 은빛 노프 철인 횡성군 VLCC 별것 고쳤 부마 눈꺼풀 전성시대 ##아다니 491 몰아붙이 644 구의 노라면 졌으니 서청 레드카 주광덕 yo 선일 피그 도가니 회오리 삼국유사 퍼블 세인트루이스 러플 스웨터 바쿠 네슬레 배상액 조감도 프리킥 김예 말자 완전체 NL 결정력 산티아 ##론을 BoA air 법전 부교 mob ##사건 ##호테 대련 CSP 변증법 표고버섯 갈라져 김한길 생산물 뱅커 ##역사 ##고양이 레나 보약 Club 교우 북촌 기슭 세탁소 만무 서울숲 Shar 출구조사 뒷부분 신령 로슈 1280 Autom 궁민 의연 사니 테디 김호중 열립니다 오르막 multiple 박윤 SMA 아쉬워 수송량 ##수스 감봉 려야 이익금 실릴 중간고사 금하 향대 604 백과사전 눌려 엄포 준엄 STE ##잘못 쫄리 산티아고 마주쳤 모아진다 양모 시퀀스 골칫거리 폭침 key 씨부려 레귤 아까워 켤레 유엔군 올려다보 깔리 유희왕 웬일 조규 긴급회의 도드라지 ##효상 난로 ##콘서트 윤주 577 서번트 지어서 수료생 ##콜리 549 관람료 에어로 구하라 삼양사 폐막식 평이 직역 지환 구린내 홍성군 비바람 요식업 출자자 ##ECH 내키 cost 사복 금도 다냐 스켈 주마 다이버 메꾸 725 ##만두 rd 보헤 군집 ##론을박 대혁명 1140 애리조나 명주 정해야 ##조끼 권기 갑론을박 김웅 진흙탕 눈살 집념 Her 길드워 혼용 몹쓸 ##AM 595 애니팡 조용필 ##가방 ##현주 ##파이브 사기죄 보그 해서웨이 수빈 ##베니아 능지처참 White 고학력 도망갔 우스꽝 cons 외칠 속살 관리관 수미 쳐드 당나귀 나른 훔쳤 공복 쇠약 599 찔렀 채워져 매카 양세 조시 재조합 ##봅니다 슬로베니아 삼강 613 오염원 왔으니 귀빈 OM 잉태 오리지날 도외 rating 스태그플레이션 잘나 로스터 Form Advanced 쌌 나츠 팻말 단양군 빙산 풋풋 빚어질 무배 576 mag 세르게이 hm ##NY 고육 539 수요량 745 국선 왜국 외딴 오지마 Equity MVNO ##래동 먼데 세키 489 간만에 잠원동 DST 가려서 상주시 허니문 big 수료식 프랑스군 ##미화원 김낙 신물 초지 구한다 정보력 한답니다 ##산소 제모 싸운다 환경미화원 초장 네이밍 내홍 이용섭 벅차 서드 너트 702 요시다 ##hed ##lin 묵념 김영환 1916 배회 섭렵 마신다 ##ellig 타월 ##편네 터뜨려 미스터피자 Found 응고 ##티드 낙태죄 배고픔 실험장 허성 창조주 태평로 관인 하명 배설물 현무 ##프로필 부드러 봉산 이무 단신 문병 갔으나 ##보감 동정심 찬찬 니퍼트 유재수 구겨 hj 피해갈 호호 ##Sh 606 끄집어내 스킨십 0357 반나절 벤틀리 뱃살 여편네 ##페이스샵 더페이스샵 OF 국간 대천 지훈 IFC 꾸며져 마코토 공증 하르 동석 발치 싱그 의식주 Java SCI Tom 살수 위업 영재교육 장로회 547 페덱스 쪽팔려서 ##해졌 순교자 David OG Call 보스니아 경운 말초 Cat 량의 부글 하심 가려져 프리젠테이션 퓰 경춘 급파 왈가 ##두부 모국어 Europe ##퇴르 ##oin 소르 손모 숙고 총독부 발칸 먼바다 인도인 ##개토 낙천 남동부 김충 엑스코 ##차도 JD 인진 무서움 연산군 아름다웠 AW 603 614 육사 펩시 벽걸이 ##더위 General ##과천 노스캐롤라이나 WE ##XX ##고스 격한 광개토 코자 청명 SBA 활약상 어쨌거나 ##장어 명창 PPP 정남 시험지 ##포폴 교총 쭉쭉 밀려오 호대 먹통 명화 정안 청했 ##ji 675 가트너 프로포폴 로동 운동회 Institute 삼류 비합 턴키 포만 WI 먹인 후련 로데오 예산군 기국 지역상 내려와서 강기정 무서워하 온돌 VOC 올리버 원자바오 으란 늘어선 보라매 천문대 가좌 cor 어이구 ##동네 라다 깁니다 난생 ##저만 수계 ##ello 플래카드 끓인 둔감 성병 관람권 조사원 종지부 하루카 독차지 데브 빕스 수생 567 ##궐기 진면 폐질 내비친 올라설 유기체 총궐기 사진가 평가서 부추겨 다지기 불자 해일 FCC 고블린 토드 쇼핑백 ##개치 마제 프록시 ##마시 TL 578 ##슐리 도망간 커버드 인시 ##클레스 ##ret 뒹굴 Phil 암담 541 슬라이스 ##블랑 ##적거리 사미 ##래요 바통 ##ives 꼬시 연주가 선친 보르도 동두천시 스포츠센터 ##EZ uae 함영진 캐비 역명 매튜 이미경 조각상 욘 겹쳤 비좁 연근 불모지 훈련기 삼광 생각났 껄끄 Chip ##난성 격납 법체 꽃가루 ##ograph Journal 김환 습식 뉴스타 ##걸레 cu 삐딱 치우친 작아 늦춰질 덕양구 미라클 FPSO 걸린다는 561 ##매스 빈발 설움 608 보령시 찌질이 목자 쓴맛 자축 553 격언 돌아다녀 ##osh 시끌 김태희 쌀국수 추자 다나카 피사체 쏟아진다 ##팔이 깨져도 완도군 욕했 Positive 지천 센카쿠 가려진 물어본 카스트 ##lection 경심 부와 육회 ##갈기 잖니 통기성 마케도니아 괘씸 구와 정진석 제과점 종이컵 따끔 집게 사심 ##ures ##뛰드 남정 UL 검사소 데일 승시 화섬 ##ector 유진기업 야영 우화 ##스포츠 ITS 지배했 김동현 민가 도망쳐 유대감 후레 강간범 죄의식 열창 주라 보관함 캐시미어 철책 ##하이오 걸어오 신경망 에뛰드 운동량 기어나오 경공 지발 골프채 오하이오 문종 양진 정개 하성 극비 저상 준영 563 616 내분비 굴기 둘러봤 리액 레인저스 전횡 내려질 카탈루냐 허태 배부른 effect 준장 해괴 이만저만 다의 신평 쑥쑥 휘감 갈린다 XM 니엘 피식 사유지 쏠린 에마 설현 품주 kn 렵 도련 렌지 경영주 온비드 황창규 HC 필명 ##정역 귀재 모잠 ##cept 548 먹잇감 덜떨어진 모잠비크 노형 ##eter che 내보낸 화강 방주 ##ael 노천 RCEP 클럭 컵스 민병대 알려졌으며 ##할린 조비 바클레 grow ##ehicle 극장가 가져온다 저의 PTA 기나긴 편집국장 심취 엎드 네바다 상패 라쿠텐 청천 지렁이 판타스틱 관리제 나로호 라카 ##봉산 ##숙고 혼잣말 ##uction 명량 허전 지수인 해치백 ##xit 레토 해남군 바로미터 을껄 접안 폴리우 ##탄회 심사숙고 ##unc 허심탄회 오답 증말 폴리우레탄 억새 우렁 메소드 그땐 완제 덩이 듀폰 소마 변두리 티맥스 비늘 ##레톤 ##홀름 기댄 지에 공작원 역발상 홉킨스 독사 OR 생과 통나무 반민 감사원장 ##amb 문형 물통 박헌 치여 레귤러 뒷산 익스포저 친모 건드렸 패혈증 소성 돌멩이 스켈레톤 재부 AMC 건너뛰 굼 중퇴 파스퇴르 세진 인비 표기법 레이더스 닥스 루리 혼례 풀려났 ##gi 길동 데려온 ##왕산 퇴학 모퉁이 잔디밭 염료 단두대 짱구 그려진다 지냈으며 알아냈 화살표 군경 동위 수연 약발 ##워키 방구 얼떨 574 중고생 ak 단란 연보 풀린다 콘티넨탈 Information 꺼졌 밀입국 클로드 정선군 듭 무표 iPad 강직 기화 빙의 남지 재처리 둬서 란트 심술 유탄 건설기계 라덴 썰렁 가계부 아이파크몰 갓난 Gi 최광 아래층 잘라서 기산 물망 갔다오 뉴델리 구식 화천군 휘두른 ##action 제사장 ##ᅳᅳ 슈미트 기른 무침 송시 탈의 소지품 표준어 한게임 바이오매스 기요 눈꽃 수신자 CDC 텍스처 스크린골프 NV ##토시 코호 인제군 끊겨 ##머드 ##ura 가스관 핸들링 신진대사 시큰 징징거리 왜군 우사 분탕질 쌍꺼풀 어렴 ##riend 배식 원터치 cnbc ##ets 부에 푼돈 혜리 치명률 이왕이면 어당 터로 부추긴 나타냈으며 훼방 ##ays 화엄 목화 안리 공효진 사금융 소강상태 ##바인 인바 pos 쓸어버리 제이콥 육질 지칠 부대찌개 ##도시 공차 외할머니 뇌전 ##tive 차단기 594 여세 공공사업 에일리 배가 백자 심연 헤아려 Mi 607 ##노릇 ##포러리 마동석 메뉴판 이중고 회복력 오금 할부금 대여금 마쳤으며 꼭꼭 718 모욕죄 컨트리클럽 결정지 고사리 ##투맨 극락 능하 판넬 찢어진 Strate 단념 목청 무서울 컨템포러리 부울 SDR 달라요 밀워키 의문점 고무줄 다녀도 병진 브리즈 취리 정전기 심청 ##노이드 707 우상호 장악력 청국장 1060 앞마당 근면 급유 크랙 변별력 알파인 ##대책 공격자 공리 맹주 RX 매리 사물놀이 대화방 크리스털 명과 선영 acc 가까워질 프린스턴 스톡스 원세훈 남단 멸균 뻣뻣 잘린 금식 불경 ##전화 뭉쳐야 발생기 리알 고분군 ##시블 담기 이민호 손소 척박 serv 광각 ZTE 김복 럭비 아식 여제 쑤시 취학 영문학 옮겨야 ##OK 호명 ##평생 관도 Thin 베드로 슬라브 제천시 징그럽 ##다닥 외유 aid ##AC ##내린 Mach ##ulation ##오래 치맥 접어드 동양일보 을지라도 고출 단전 ##PP ##서양 금색 창안 888 공포심 차일드 이판 게이트웨이 오호 응한 차베스 레고랜드 남여 ##자족 린치 큰데 855 콜렉션 Game 냉담 브라이 어레이 ##무도 죽도 행업 사하구 연회장 구렁 양화 북대서양 오하 으십니다 고궁 전능 그래피 싸이트 해비 서당 ##소녀 ##창동 백상 av sid 밸런타인데이 조나 연극제 알펜시아 거사 연해주 기흥구 ##bject ##느질 환멸 ##분계선 그라피 발생량 군사분계선 미즈호 세네갈 기념사진 감투 경락 덜미 예문 ##민정음 SQL 위정자 이치로 중경 성전환 자급자족 VV 초식 볼라 장강 맨투맨 샌즈 지존 총지출 익사 후장 611 가마솥 진기 스톡홀름 티몰 매머드 맥아더 복합제 임시직 카네기 나왔으며 퍼티 백남준 걸어다니 프리스타일 덕산 딕스 차폐 뛰어가 ##떨어져 정창 미술가 캠핑카 소액결제 천연자원 훈민정음 DE KBL 녹아들 실랑이 싫어한다 Financial ##광선 불충 분전 투정 red 미오 스레 665 약해질 lcd 메시아 ##마디 ##현수 갈릭 천정배 갑갑 개그우먼 건설업자 오레 이콘 색소폰 ##개구리 중앙동 최고액 공기압 시한부 테스코 ##정권 몰드 장생 비협조 용융 572 진정서 ##바브 북위 지하경제 ##개미 ##변제 꽃뱀 중가 초계기 바빌 방풍 봐선 훈제 무한정 시터 ##나비엔 557 경동나비엔 나감 덮치 체념 승부처 단오 애처 탈옥 주방장 위령 598 ##알라룸푸르 볼멘 심오 유준 ADT 이달초 오래오래 광야 금속업 휩쓸리 주옥 호혜 낮춘다 쿠알라룸푸르 ##formance 배고프 검소 줄여라 신랄 임안 황선 드로우 에이드 페르소 냅둬 불스 STS 다이스 1903 녹두 ##뉴타운 비해선 템플턴 윤호 총칼 Dem 보호사 펜타 레즈비언 개찰 세태 한낱 아스타 은평뉴타운 1860 무담보 남사 사채권자 마계 병폐 비견 방문단 유통점 ##oe 당산 전실 ##AN NR 캐머런 유괴 태만 인스트 누그 풍류 ##ront 판검사 시제 해묵 835 걸음마 베네딕 ##viron 편대 ##ious 필로폰 매대 해링턴 브루클린 무직 신석 지움 받침대 희망찬 셜록 심위 부러진 사할린 내열 못살 잔업 칩스 후군 철원군 칠곡군 영제 호송 조윤선 울산광역시 굵기 안배 비뇨기 내후년 윅 경무 잠겼 581 BMS 개척자 올라야 자연사 ##매수 냐구요 탐사선 kcal 월동 브루노 지방청 남상 모티프 우간다 쉐라 ##거든 기싸움 life ##장소 띤다 가물 기항 지고 돌잔치 밀림 양민 혁명가 802 영화상 Paul 동원산업 ##제비 재적 점철 소로스 올려도 외삼촌 ##YS 노안 임금제 대통령상 알미 전용도로 루소 백선 ##가게 송인 강진군 블레이 준호 라우터 방아쇠 Ca 나그네 찾아와서 프로파일 독살 주리 일렉트로닉 곤지암 카렌 사옵니다 요요 해성 ##arth 적응력 하수관 세종대로 볼프 어록 철조 차비 찾아간다 소가 고출력 국방위 정찰기 프리뷰 HB 반시 알지 비상근무 뒷심 가르쳐야 드래곤볼 음악인 조선주 ##개혁 언데 방해죄 신파 추안 이명희 주무르 유기물 ##uh 늘어났으며 아웃백 ##록스 고된 어면 지난날 팔아 넘쳤 밥줄 어물 구전 소기 ##argin 플루토늄 ##장사 Id 조난 대원군 출루율 차치 블링 OIL 이영훈 York 족장 렛츠 순환고 ##imited ##치오 대운하 월지 ##회로 755 시스터 자장면 새빨간 도쿠가와 고초 825 프리우스 ##딱지 월초 배고픈 귀담 부안군 아이피 이중성 옆방 논두렁 코러스 꿈꾼 남작 573 sol 사모님 놔둬 친밀감 ##시아드 668 마르티 유니버시아드 앞줄 노려볼 트랙스 ##출자 풍랑 대자보 안철수연구소 Bit 닭갈비 고민거리 단시 심산 저편 정범 두만강 Arch 더러워서 계감 고친 서가 ##갱생 고바 예인 ##전등 따라올 ##amily 아르테 직능 ##rier 타악 돌담 ##보유국 한신평 급난 대정 버르 세사 윤택 MTV 대성공 뒤따랐 SCMP 자란다 자력갱생 겨를 섬멸 장해 심리치료 index Nov 동해선 알미늄 인류학 저널리스트 이븐 632 소꿉 참새 571 만하다 머리통 휴직자 MINI 564 하하하 재활용품 레지스 휴맥스 ##현민 김판 nyt 일시금 티끌 ##충우 첫차 LOI SET 사회과 색인 시청료 웨일스 합쳐도 1577 연좌 다든지 복량 Mov 어때요 조인식 육감 소연 자장 오리엔탈 ##키스 송가 핵보유국 기초자치단체 안가 리얼돌 어렴풋 헬리오 ##연구재단 혁파 주택공사 한국연구재단 ##볶음 낙오 애잔 kdb ##구구 사림 퇴근길 구릉 벤드 ##agon 동력인 요구서 욕보이 ##vironment EMA 데려왔 스펜서 ##레타리아 좌전 현장감 약값 569 혈류 김재원 방어선 구시 손등 프롤레타리아 ##ylene bi 알록 미싱 술사 이필 두타 하곤 lo 결단력 레이다 투기성 ##따라 609 699 ##어낸 이착륙 남주 피부색 ##라호 난타 기름진 ##소매 삐라 격노 감수성 갔다왔 정정당당 호소문 ##dr ##TF 병마 금년도 신해철 ##ential ##ociety 나포 아난 지국 다보스 떠나가 ##유지 재가 뒷바라지 김국 단역 자소 내놔라 개천절 무고죄 ##다닐 걸즈 따오 준가 에인 최연 711 이응 추도식 파내 584 워낙에 그자 와의 친자 박문 예하 암수 유랑 끌어오 라디에이터 WF Consumer 드넓 했는데도 졸업장 원더걸스 공급원 킵 경재 둔치 홀수 곱씹 봉담 윤병 ##충우돌 맞짱 성복 ##렌즈 도체 샛별 치프 복강 포인 표준지 현물출자 저래도 1010 좌충우돌 ##asy 푸어 양정철 제이스 ##대죄 ##ini 버트 엠티 fil 임피 컴플 다이너 초대장 컴플라이언스 수비진 Opt tbs 강제집행 뇌파 변해야 러프 식음 조스 ##als 인신매매 ##나잇 ##은경 줄무늬 임채 다름아닌 633 팔린다 환노위 석고대죄 방랑 808 궁금해하 거저 온두 무배당 온두라스 위생법 똥고집 패하 559 올겨울 주먹밥 형용사 답방 하지원 more 가까우 광섬유 제이크 극지 재봉 영도구 금괴 로터 육즙 피나 튠 니가 연찬 여천 한법 갈아탈 산둥성 ##반찬 공종 빗장 고딕 계위 후레쉬 국가인권 뒤집어쓰 ##형제 수채 조소 건의문 나아갔 웨이터 메트라이프 ##ume 토러스 만국 최석 허수 Care ##센서 민설 구슬땀 느껴져 America 마이닝 갑상선암 sdi 일레븐 기울인다 서슴없이 ##활성 바베큐 직수입 성고 CVC 동역 라벤더 우등 ##야시 ##살개 ##헤드 ##개장 크루트 Hol 좌담회 좌절감 ##nings 접이식 모더니즘 덜컥 브룩스 ##추리 ##대소 독방 송나라 씨네 어웨이 정밀도 Corporation 플렉시블 페르소나 떠내려 맛본 568 코타 Syn 미향 내한 투혼 mvp 미토 mk 695 리디아 Communication ez 발린 주현 흡족 새꺄 해부학 커널 역겨워 토우 용도지역 Report ##사의 위키백과 ##것도 비잔 들여야 기프트카드 ##용준 경춘선 농업용수 ##gen 증이 곰곰이 예수금 패악 치적 남해군 태백시 화창 ##두근 외평 팰리 592 ret 슈퍼카 ##데레 비등 갈라놓 서학 탄두 올바로 주동자 066570 패인 안전도 마초 온양 캐럴 685 문화제 일조량 패셔 황보 몰아붙 재빠르 도미니카 ##호란 ##udio 폐질환 그레이엄 생산액 원작자 여지없이 김하 익혔 뜯어고 코닝 천연고무 단검 초구 채워진 ##els 이일 화형 춘추관 ##바드 루니 샤르 식업 좁혀졌 짜여진 레베 알카에다 583 강백호 부여군 입체감 Saf 풀어낸 주희 설렁탕 숙박비 대곡 시로 앙금 탕정 쑥대밭 Zone 역자 자잘 총성 신망 직권상정 남아도 하늘색 농악 책봉 환갑 교도관 명운 재미난 마져 야대 ##케이블 청년회 바다이야기 Association 642 661 할리스 Di 폭죽 김재철 부익 신월 코랄 인형극 저항성 송장 사다 지안 스펀지 크러쉬 경은 양현종 개인위생 광케이블 704 ##군데 도량 향우회 ##ato 귀성 추접 테스터 ##울루 고재 호식 법무사 ##포도 추어 손예진 ##벗고 전공의 송광 으랴 뒤쳐지 무녀 야구팬 ##ones 권해 요로 마이카 칭한다 1898 거린 tk 질린 출도 천지일보 634 CMS 대통령실 디에이치 ##코아 ix 제미 ICC 깜박 뒤엉 조범 703 삽살개 ##선열 함흥 야마구치 ##mp 섬김 거북이 레이첼 삼위 처칠 bps 기동전 논객 여차 일희 골조 배영 유즈 김성주 권투 뚝배기 예술제 팅크 한밭 극작가 홍상 ##ester 육포 토키 손목시계 ##ots 추첨제 늘어난다는 원은 엔제리 속였 향배 보내온 식당가 적대시 오른다고 ##사벽 다이어 을려면 삐걱 제각 621 오드 발효유 종주국 이신 ##무쌍 혹사 넘사벽 면도기 선동열 약해서 인코딩 공개매수 EF 드셔 적수 청진 Analysis 원호 ##uz 무릇 위젯 지배인 기말고사 ##angu BGA er 만신 ##세이드 발벗고 ##유진 유별 하염 ##아프리카 그러면은 도그 목차 준비물 클로이 JK 전진단 ##회복 모병제 와요 불러일으킨 875 매시 부촌 Night 희롱 RPA 엔제리너스 헐크 623 장준 남북통일 ##anch 린스 봉고 한불 Thom 소리바다 오른다는 실토 지엔 마그나 벌거벗 최선호 ##tual mbn ##코모 대광 밤잠 유월 집배원 REIT 꿈꿨 스쿼드 트위스트 미호 전석 부족분 입원비 전해액 온타 이피 ##가을 토플 power ##게스 ##자전 핸드셋 ##체육진흥 국민체육진흥 모다 설빙 엠씨 PCA mix 1897 로버츠 당좌 라티 록맨 분투 외가 겠다고 러시아군 진세 코리아나 바느질 면화 VAN 매달렸 너스레 생긴다는 좀비 수화기 미리미리 ##구미 보형 분광 실신 716 아델 시부모 유니티 난지 릴리스 블레어 NAFTA 어처구니없 쿠라 수욕장 복원사업 언주 우완 출한 스탠포드 MU SJ 터너 김상훈 려는지 격주 최양 지파 푸에르 분석기 얼만데 포항제철 피안 Innovation 메치 이황 찬미 Biz 미행 진땀 합방 행간 권력욕 624 Sin 맥킨지 정과 대각선 석양 여교사 악연 sing 629 김종훈 칠드런 프레데 프레지 순사 메츠 정봉주 삼위일체 선덕 cbs 오리엔테이션 신방안 부다페스트 중략 남서부 꼬락서니 낌 장아 FIU 치어리 린지 이에 조련 출금액 꿈꿔 ##라호마 오클라호마 ##어치 708 SMD 숙인 생겨날 무주군 총무원장 띄운 하기사 꾸역 낸다면 어서요 ##주민 ##캐슬 패륜 관세법 이뤄낼 type 극진 트리스 정만 덮인 이설 착착 행복감 랄라 사륜 Band 부익부 퍼트린 Base 네이마르 육갑 최장수 박항 영양가 변천 ##ars 숨소리 끼여 ##프레서 LTRO 상무위원 ##택동 아귀 언젠데 ##항력 ##나불 매킨 XS 신칸 628 시계열 뉴코아 세분화 주택지 자격정지 앞지르 냉랭 우하 915 보수주의 ##집합 ##하트 문선 서툰 담수화 컴프레서 ##타고 국번 밑천 연암 약소국 ##학동 묘비 석조 무너진다 검지 모둠 유색 ##umb 일벌 1110 인큐 638 EMS 무기질 정류소 고인돌 시큐어 그레고리 ##TD 예후 아랫사람 경자 바싹 예상외 해맑 란제리 포승 라이다 ##CH 삼영 Prof 티스토리 ##확산 쏘아 농업용 부친상 용평 지축 불상사 화대 ##aterial 베른 세대수 붕대 643 김이 떄문 전염성 신준 몰지 원공 건축학 급여액 드래그 사냥개 open 스타리그 갈랐 강운 계신다 ##타트 적막 좌상 DG 면발 생깁니다 생도 가실 까봐 낭송 옮긴다 격동 태웅 pb 써준 트래킹 fm 값싸 골동 욕한 실린다 아뢰 취침 김동원 블랭크 이현수 문화사 아이젠 쓴다면 주금공 휘닉스 Water 받아들여졌 우군 631 불신임 꽂혀 GNI Sem 칼라일 애서 윤용 ##ouch 농무 식장 임진강 일중 도르트 ##클라 시지 무효화 3653 들추 황룡 올립니다 마윈 감시단 넘어져 김현철 스펙터 항공료 해지지 ##부정 ##엔진 게양 디질 들어감 목판 추인 황진 훈령 입학생 감별 문젠 757 HEV ka 김광수 ##스윙 Ratio 돈육 리퀴 반석 남원시 mem 가이아 법질서 세탁물 밀리터리 주눅 얼빠진 0054 Spot 문중 몰려왔 초과분 648 박유천 ##리자 아첨 윤경 수확기 파르나스 무표정 에이미 불가항력 아이나비 ##카나 명색 우열 장식품 프로스 도제 브람 아니할 591 매지 딴따라 트로이카 스트라 머큐 빚더미 청정에너지 growth 꼿 번뇌 649 ##고개 본방 Organ 도계 장혁 파미 ##ople ##uter 어려워하 지성인 달비 이요 후륜 Road 더뎌 dmz 애벌레 챔스 대항마 LB 688 도미니 뉴캐슬 밑밥 감기약 에인절 ##사슬 방석 황무지 화음 휴대전화 머시 뒤바뀌 촉수 672 악착같이 스기 안승 빗나가 ##uan 판자 ##어머니 조아리 Rich 한달 정각 조타 딸내미 상승효과 ##fc 환골 진보당 난이 초롱 리바이 Hand 군축 설경 엎친 ##이탈주민 고정간첩 코코아 트레빌 문디 문집 입식 able iF ld 마호 Online 북한이탈주민 프러 세목 철갑 증하 ##메이카 ##auty 군용기 당혹감 압둘라 울진군 ##고속철도 ##보증보험 자메이카 서울보증보험 보증인 문상 찬밥 박진감 애슐리 독실 페르난데스 다오 도망친 매표소 수행자 덜덜 멕스 845 CIC 중대장 XC 신도림 쓰임새 김치찌개 Fun 국민학교 ##테리 변상 ##익빈 드나드 환금성 라리 예찬 제쳤 add 강창 미완성 영광군 발육 착지 혈청 724 뜬구름 잘잘못 가느 테트라 강선 빛낸 811 판박이 빈익빈 하마스 Sa 서요 리믹스 장성택 Quant 코지 홍합 화물기 하늘길 태후 파고드 달료 max 파워콤 중책 hs 동공 조바 유희열 이철우 바클레이 건강식 Chain ##협력 kim 청동기 딸려 움츠러 신시가지 아젠 다칠 자작곡 뜨거워지 진면목 ##my 십쇼 흘릴 ##소판 섬광 알갱이 ##ny 가팔 픽션 볼록 내레이션 창릉 랜턴 평행선 눈여겨보 ##인간 어링 율동 ##raft 선천성 위화감 재수생 참나무 노부나가 ##토미 호법 유목민 아이보리 알토 가린다 되살려 박상현 인라인 원상회복 스코프 으이구 ##트린 간청 AKB 때려라 특채 752 상파울루 대뇌 현오 864 글래드 금지령 답변서 지켜냈 ##TER 부질 억양 기압골 들어내 방사포 최경주 맛깔 바운 UFO 번역가 Connect 되묻 천배 9001 사월 약대 651 FCA 드워프 이주영 ##amsung 당액 ##토리얼 이뤄졌으며 장호 ##ota 박영수 연강판 바란다는 노다 부트 복분자 신칸센 스쿠버 재소자 들어올리 ##과세 ##vd 아론 옥포 스플릿 콰트로 구서 총수입 흘러갔 폭정 흔든 예수교 떨어져야 Industry 켜진 656 채동욱 어지럼 준다며 ##UE Ho 정운찬 리키 체신 639 란산 배색 암행 하로 소수점 우레탄 대단위 꼬여 서주 언데드 나간다고 극일 노승 성묘 593 번진 토피아 강건 ECC 뭘까요 입상자 wp 신실 참깨 소식지 키퍼 텔레마 앞당겨질 괴테 법회 인기리 특이점 먹먹 연거 ##ora 키라 653 버러 윤증 환담 미지근 꽃밭 한줌 ##roll 현판식 Wal 다케다 희소식 ##axy 도공 제대혈 mail 기겁 지쳤 Human 처인구 작당 기회비용 ##계산 일렬 VN 괄호 마유 소버린 ##화나 지는 서천군 영양사 아쉬워하 응당 굶주림 빗발치 슬리브 꼬인 논밭 596 달갑 쫓겨난 송창 형세 건너간 아무데 라메 질산 가르친다 로어 부칙 성찬 713 686 Exc ##내장 칭해 홧팅 정대협 비파 사세 유주 보여온 교의 쥬라기 비거 티격 597 반상 심박 전군 온타리오 ##참모 십수 옴므 절삭 정조준 inst ##달록 재우 패해 live 알록달록 세실 메뚜기 ##프로필렌 국위 ##슬레이 미군정 교지 부이 Eth 초여름 어니스트 정년퇴직 구진 수압 윤모 진안군 ##리치 떵떵 혼나 ##rix ##도사 미주리 rate 구명조끼 재탕 구세군 다락방 물러설 홀인 직매장 짓누르 노라고 누를 슬링 하라 장성군 올린다는 과분 임금법 ##레지 공고문 물러섰 사채업자 ##후무 UH 랜드리 Ta 독하 스레드 ##음식 대창 1902 ##TH 천신 동그란 뒤로하 시티즌 방일 윗대 인고 탈리 김지은 막혀서 Bill 왕릉 다스려 아니야 내던 587 ##ico 등골 표차 명재 블레스 스팅어 견줄 강남스타일 흑산 영양학 총감독 Flexible ##isco 산더미 ##change 727 차이나타운 양용 아수라장 응력 647 고와 통고 김동욱 636 김성훈 싸대 금관 렐라 새하 토출 두드렸 주재료 묵상 문치 ##VER 657 아젠다 앙드레 호장 엄지손가락 성배 요크 벗겨지 절충안 주먹구구 종군 해낸다 음절 dB 매복 스캇 제분 진품 682 봅슬레이 582 정은경 관현악단 만발 관리기 담화문 Yield 조마 ##난로 HW 상학 소청 홍조 ##의사당 1901 주주명부 구니 626 AH 735 윤상현 험담 945 재대로 성소 적출 토픽 ##동산 김찬 불러들이 들떠 ##생각 에칭 현오석 의성군 차우찬 페이트 닥쳤 청풍 우선주의 678 김영진 봄맞이 ##바루 익살 만엔 Intel 류중 점용 플롯 775 천안문 궁예 먼가 EPA 광안리 ##부담 하카 고밀도 모이스 ##랑어 677 수리온 부셔 빌빌 휘도 젤라 컴포트 문화방송 분하 쓰임 초판 대서양 용모 코시 잊혀진 메소 기름기 동편 문맹 생장 철탑 게르만 골렘 무재 산운 해리포터 난쟁이 티머니 항공우주국 WC ##야구장 경주마 나간다면 저곳 증손 블랙잭 직사각 ##틀러 안길 ##봅시다 엇비슷 공회 801 창녕군 Board Summ 부킹 쏠릴 불가사의 전표 SOS NATO 냉수 루드 슈퍼컴퓨터 도르트문트 노랫말 신가요 이수근 플래트 동아닷컴 민항 헤어나 상당액 강상 건선 ##아지오 706 714 감독상 ##신탁 전남편 ##ison ##노리 ##기념일 구해서 달러환 대형차 얍삽 우로 ##obe 김두한 유일무이 RAM ##iller 거금 제습 지남 피랍 EUR ser 순찰차 보탤 오심 종횡 PPL 장주식 위험물 역모 크롤 절제술 최상층 경내 ##연장 ##기니 송호 크리스티안 쿠니 국회의사당 금은 방비 황새 ##베가스 767 김나 유야 쥬얼리 민속놀이 동로 소방대 Geor 662 주목표 라스베가스 조대 사나운 ISP 고마웠 근현대 엘피다 korea ##칼라 길음 사상구 동의보감 차량기지 발성 일등 627 볼게요 풀려난 나시 맹수 마일드 증평군 ##경사 가수요 안재현 설욕 제르 위클리 핵전쟁 ##모아 원물 할껄 항행 ytn ##개발은행 DART 부산일보 이뤄진다면 Preview 사청 수오 생태학 튜토리얼 AX 분파 조물 윤동주 에센셜 HDMI 봐줄 채워졌 꼬붕 삼호 카약 ##lement 뒷짐 재입 그쳤으나 그윽 시즌스 조현민 친근감 덩크 831 Way 유닉스 윤석헌 집합체 ##관광공사 1180 팰리세이드 한국관광공사 식후 쓸개 외래어 디아지오 송사 낚시터 만화가 폭군 원투 YES can 김부선 리리 린카 단호박 라고도 수대 도나 동파 애쉬 한온 스티로 조일 타시 ##도너츠 975 던킨도너츠 dc ##코타 신서 임씨 따라갔 단총 벌린 679 732 세련미 Young 과한 캠리 흑우 방조제 타일러 우월주의 하염없이 ##튀김 송경 진범 짧아 찾아뵙 혈소판 Robert 져요 갤런 흑역사 1170 하수구 톨게이트 총명 철조망 액트 범칙금 Ke 가당 ##파일러 Div 카이저 능률협회 멋져 토네 행자 이뤄야 빈틈없이 dl 카펠 펌웨어 프레쉬 무전기 제각기 ##잖아요 머큐리 불거져 641 통제력 self 위험부담 버마 ##urch ##연재 바론 훈수 소아과 ##사위 신태용 장동건 으름 CRO 다수결 이름난 재벌가 일렉트로닉스 날라가 뻔한데 1339 ##일정 열화상 빨간불이 Platform ##팔달 ce 농간 안색 Mal 사통팔달 시티투어 수잔 처해야 한자어 코넬 비스킷 상점가 제초 ##소프트 ##illa 모나미 메운 ##적외선 ##CDMA ELB 결권 바텀 East 빨리빨리 ##청역 기근 구성비 훑어보 State 롭스 How cat 기록원 ##만파 고식 김상현 흐를수록 너덜 오리콘 ##디다 ##젠더 지단 EMP 인큐베이터 더라는 스칼렛 중앙부 ##ethod 방부제 친위대 차관회의 내받 Bel 포츠 수초 완산 육종 May Mil ##섭니다 해파리 양우 홍명보 math ##한시 아루 잡티 총망 유아기 긴급조치 적서 ##세라티 마세라티 김아 실격 온데 두려웠 구대 ##자전거 재형저축 교협 박장 삼켜 찻잔 버스트 야영장 일념 제다 ##친절 총망라 걱정거리 합판 가져라 0354 935 도화선 가려움증 일파만파 ##라치 금동 네프 ATP 키이스트 대홍 피혁 일사천리 ##반짝 골통 푸하하 Gbps 뉴스타파 ##초프 진자 날린다 양치기 권사 다사 범벅 겁쟁이 ##앓이 꾸린 방정 첩자 ##티나무 보관소 Awards 사셨 액셀 영합 676 뚝섬 트린 ISD 깎아내리 ##올림 ##윤리 수에 박주민 단물 맛없 결정체 제막식 반짝반짝 ##떼기 불친절 캠벨 프티 섀시 리스본 올까 총칭 류중일 매티스 지방간 채워야 레이어드 몰려다니 ##AR ##TAR 기무 하현 올라온다 휘날리 걸린다고 게라도 게으름 했다간 ##조리원 산후조리원 기해야 2080 Deep ##완다 화평 ##그려 미발 산기 ##icy 간음 ray 언론통제 권모 까사 정감 동교동 국시 사처 공들여 ##치즈 얼룩진 ##NE ##찾기 통탄 몽드 우디 시아버지 쫒겨 으라면 억측 점토 abc 암각 Exper 당인 동그라 포터블 With 튀어나와 ##타나베 청약률 까사미아 뚜벅 화관 ##레스트 589 쫀득 822 ##부글 라르 팬더 메자 목매 ##lish 안종범 잡혀서 ##례문 실실 르완다 ##혜정 다님 일월 하한선 강준 이동도 느껴집니다 어메이 현지화 호령 케이비 ##ren Sn 출당 표어 느티나무 포주 ##풍경 ##zy 민형 ##조무사 654 ##샤바 안드 흑룡 고라도 ##의사협회 휴식기 소농 씌운 ##ffic 744 대항해 아틀레 유감없이 범했 신스 서약서 동면 동우 경영지 마주친 변창 상비 유생 TRS 설문지 부글부글 서자 장맛 부담액 간호조무사 ##ola 서창 정비사 ##ustain ##덕트 ABL 원불교 성완 항전 대나 산사 명탐정 쥐꼬리 안수 point 051910 석수 속단 필링 해보 개정판 떠밀려 독극 카툰 하세 메카드 미취학 여의도동 687 805 프로덕트 떠먹 발칵 NM 왕숙 홍주 이어짐 와타나베 승지 야금 lpg 역사책 고경 마무 ##칠리아 ##onom vol 루돌프 집단지 지하차도 맨발 곁들이 균일가 우스갯 ##vers 바르샤바 그리곤 연합국 고르기 비웃음 생물체 재결합 group 치울 최루탄 완파 계량기 지평선 ##그라운드 산역 치타 개나리 단지도 ##astic 카네이션 722 그중 여순 코다 뒷골목 클로버 문화축제 아몰레드 Build 에구 으련 ##쳐스 부자연 드높 Security sa 브룩 까발리 레프트 Fair opec 마리화나 손재 디스코 남아메리카 ##day 백주 김태년 ##ih 쇼팽 ##인후 ##짜고 ##ida BK 개지 인니 체부 맥도널드 김용환 못했으나 자드 ant 바그너 유연근 전무후무 ##토닌 물주 비껴 ##인후과 저장고 ##aking 빨아들이 임택 천한 황금빛 똥파리 보수파 기품 머리채 보살핌 피쳐 오두막 최형우 부정기 펠로시 ##커드 노경 느껴야 오리엔트 날지 799 났었 선강 약용 언사 와플 Ent ##살롱 어퍼 든다면 ##랄라 ##키호테 유산소 성일 찝찝 픽쳐스 상장법인 셈법 아테나 직업인 군더 환차 CDO 돈키호테 제전 창녀 근까 의술 김장철 릅 Na 면했 산식 바스프 몰려와서 ##장성 노론 ADR 기동력 Welcome 쾅 ##마른 땅굴 커질수록 갈음 ##ique ##게인 ##디브 ##사원 비범 생활상 얼마간 ##보건 646 샤워실 Roll ##ful wr 스필 자시 물려줄 시킬려고 dev 전근대 폐원 포시 다다랐 숙녀 수훈 664 명장면 슬로프 코호트 ##하기 싸여 경마장 ##덜미 ##이몽 황량 보형물 ##태격 주이 ##프레이즈 Custom 문하 집대성 책략 ##ming 774 말랑 비스듬 장충동 동상이몽 티격태격 철자 행할 ##짜고짜 날아간 바이탈 암것도 다짜고짜 취업규칙 ##장이 아선 658 사형수 현기증 Start 야성 어인 임도 파니 ##르기스 WEF 디제이 스투 이하일 더구만 안전관 논어 무뚝 섯 몰디브 밀크티 금호건설 이비인후과 빙빙 불도 해열 log 각층 박노 일고 맞장구 지방세법 황도 어게인 지나쳤 619 클라리 활성제 누웠 원진 노홍철 ##비행 쌀밥 집세 684 골리앗 달려와 무뚝뚝 어부지리 걸이 박항서 ##아동 따가운 버립니다 끄떡 홈파티 ##와르 목련 죄명 킬로그램 시킨다면 고풍 술값 국가관 버레이 수납장 라피 송진 rec 미신고 영암군 ##키오 경중 위변 호남선 중이 풀어냈 광둥 신바람 충무공 구울 강만 못내 태전 Outperform 결계 결원 노엘 Spread 제라 효종 var 시커먼 응했 추켜 페가 사타 기러기 정해서 ##장자 걷어붙 동탁 태웠 엑시노스 Dynam ##포진 ##ips 고병 태경 바지락 살려서 아이린 클락슨 년수 음지 유로스 기회주의 ##리니 오기 ##호스 무중 대졸자 전구체 남문 기울었 규합 루지 토비 뛰어놀 어메이징 ##유주 ##전트 어때서 트랜스젠더 일심 Pac 공공장소 내동 악동 재갈 Dub 구마모토 네이티브 지상주의 신길 원석 돈세탁 송전선 오타쿠 ##애자 언더웨어 소프 721 919 ##고추 공비 동법 733 박세리 반올림 동그라미 파지 영빈관 페어링 플리스 께선 멸실 연거푸 육개장 ##fo 비강 스노보드 지켜왔 905 김기문 신인도 나섰으나 분조 조인성 Hard 컨버터블 병과 차서 Dep TBS 뒤따를 앞당겼 촐 쏜다 그리핀 로카 변치 브랜치 WiFi 그어 하토 입찰자 비닐봉지 으십시오 기능사 윤봉길 통역사 ##천역 군데군데 가모 새터 일억 579 엔비 푸딩 국민체육진흥공단 home ##VO 조나단 우영 집유 호중 Sam 귀성객 무안군 캐치프레이즈 여초 팽이 의사일정 급조 맥시 뜬금없 정치범 보이즈 브로콜리 대뜸 면할 앙골 협정문 유치장 들어준 생겨도 ##ERO 실베 진술서 차린다 마법소녀 ##den 온리 작문 장황 분수대 ##iter 가져볼 새터민 증차 스나이퍼 국호 점멸 sos 이로운 Cross 전리품 태진 뒷조사 노랗 가나안 폴리프로필렌 구루 뭉쳤 659 두근두근 ##미션 듀티 지은이 군더더기 테크니컬 우스갯소리 루저 목과 얼간 Shop 대잔치 Year ##ien 마이니치 bj 한길 ##ancing 교각 큐리 격앙 인공호흡기 ##에몽 ##왈부 막가 타블로 sn 태고 NCR 네즈 정개특위 HY 탑스 신주쿠 전대통령 순양함 옥탑방 클레임 논란거리 잠금장치 ##동아 서사시 왈가왈부 류성 짝수 위닉스 이승철 하다못해 명종 손금 브리스 과대평가 ##리닝 야곱 진폭 ##돈나 세타 술술 한과 합쳐져 2029 과식 뜯기 박중 뽑혀 오공 착색 간사이 미뤄질 연찬회 원법 반성문 보호관찰 제아 901 상차림 키르기스 봉수 봄바람 에이브 Bur 뒤섞여 산청군 LOVE 부실시공 제례 1440 아일 ##협동 둥둥 리에 바시 폐회식 세이프티 루게 일희일비 데즈 가져와서 총사령관 목도리 알아봐 gp 당찬 환관 라느니 비프 cur 거진 깽깽이 성수품 ##재그 능사 ##김밥 소리지르 문방 쿠사 지그재그 ##mun JO 상저 저금통 롤리 별의 ##엔날레 부서진 대상포진 잉곳 지원군 ##정화 백년 사분 폴라리스 데미 알티 719 무선랜 이수진 그은 루게릭 사귄 카구 폐쇄성 브레이브 영인 우찌 샐러리맨 특출 걸기 공민왕 박보검 ##style ##기물 상했 성안 수어 이철희 후지필름 상책 ##꾸러기 즉석밥 박물 천부 그래봐야 ##ief TN ᄋᄏ 골든벨 이택 met 0034 뭇매 불굴 천당 moon 공설 구석기 ##츠크 장국 털기 영월군 1070 ##남면 ##클러 화근 거들떠 사놓 찮은 담겨져 디딜 백화 스웨트 이완구 강효상 부딪쳐 Ha 윤형 대공원 ##자랑 작두 ##차원 무브 함양군 가랑 구보 재결 죽여서 선유 임모 신경외과 도회 ##망울 이입 aut 소모임 ##불퉁 mw ##퉁불퉁 칭할 오버랩 니로 태초 지나온 Negative 랜스 은색 진의 ##ites 공로상 천리안 Camp SaaS 이해충돌 더스트 와이퍼 토사구 야한 여기자 가졌으며 벨로스터 ##이트너 637 858 두꺼워 박정호 hw 착잡 차려입 패스워드 ##얼음 유아인 파라오 신갈 LGD 별의별 FN UR 이당 818 조바심 울퉁불퉁 ##해방 위닝 ##느러미 다뤄야 워너비 ##ya 김삼 대설 플레어 데온 사목 송철호 대견 실타 마르셀 Quality 일장기 이어진다는 미자 총상 허씨 파블로 길리 bus 버레 참다 누그러 프리스 올렸으며 변희 고득점 고마워요 밉상 족치 공론화 나갈지 대웅전 문경시 전도성 아쉬워했 ##부절 일비 징시 등식 빌헬 오묘 물음표 두산엔진 하시모토 급습 변주 집진 yjjs 안타까웠 캐터 지마는 처자식 평결 ##anna 크랭크 프로펠러 카와 비합리 개축 남포 무현 간사장 재정법 어중간 스티로폼 ##탈태 갈팡 난조 갈겨 검도 인민일보 Ga 로트 철로 828 대시보드 환골탈태 그레인 알렉산드리아 쓰러질 베버 궁녀 존엄성 갸웃 프로브 아니합니다 등받이 CBDC 자경 철쭉 ess 선크림 신격화 뒤돌아보 속물 아릴 프로판 열림 토공 헬라 성공리 소방방 병자호란 커트라인 거뜬 오쿠 Roy 카세트 산중 김민정 ##귀신 점할 철골 맹박 철도청 소린지 냉동식품 내항 제세 ##ING 내화 국유지 쓰촨성 줄리엣 하이킹 Stop 헌법재판 Space ##당략 ##우옌 대회장 안절 얼티 스바루 당리당략 안절부절 대구광역시 씨엘 671 안겨준 ##지막 SOL 사치품 진퇴 공군기지 개호 사공 병살타 주민세 참고서 중성자 광란 남강 물류비용 쥐뿔 괴롭혀 손절매 ##살바도르 List Tour 파로 681 거창군 Land ##ega 지온 특제 표피 바티스 독립선언 중일 가구원 몰려와 ##바브웨 짐바브웨 천문학자 학식 형주 806 709 뉴스쇼 완성품 자유형 대했 Mass 무기명식 줄어든다는 데프 연설회 군락 슬하 엮여 토사구팽 ##글러 독후 지터 785 EOS 주꾸미 피망 무찌 수료증 ##폐기물 forward 영희 오닐 조슈 674 잖어 데르 기어코 데빌 메울 ##제프 무감 블럼 리퀴드 치앙 돌려놓 ##코어 ##런티어 이동과 정의감 퍼뜨린 정갈 차년 게으른 김연철 초청장 Poly 북면 친동생 둡 들여왔 ##석유가스 어지럼증 액화석유가스 초회 ##코스트 반딧불 콩가루 방유 방임 염장 663 플라자호텔 즉답 진진 포이 환부 ##본주의 라일 별별 ##itz 성완종 이훈 알코아 카트라이더 다당 무등산 선취점 황우석 수설 회견장 반영구 다닌다고 은영 적패 771 까르푸 미담 pass 그리스인 투자은행 ##Tube 도네 연출자 그른 흡입력 에폭 비에스 Vision Standard ##글스 ##아비 성훈 실제론 무궁화호 은신처 깎이 dog 스키니 2250 uhd 어려웠을 미봉 북해 값어치 슈퍼볼 괴멸 김훈 공개념 루피아 명산 pmi 상층부 요구불 펼쳐야 ##ISA 뚫렸 865 ##감당 북새 아노 역공 코이 화도 위나라 유부남 담자 펴냄 마지못해 잠옷 조오 955 본거지 실소유주 언능 초범 적어지 제조자 안타까울 얼렁 ##ster 대분 형형 그만뒀 EY 까놓 연통 켄터 ##협동조합 만개 ver 사울 Drive 상피 아메바 유력시 인수인 진시황 개위 준일 면피 ICS 붕어빵 허들 최고상 나다 부닥 ##해방군 제로인 ##교환 ##모자 거란 양문 코네 CON 김준호 Street CX 살얼음 명성황후 ##꼴라 파시스트 인민해방군 항노 ##꾸역 우환 엠게임 예속 포일 흥선 ##arge 내장재 돼버렸 ##승지 노로 태광 태광그룹 아시아개발은행 디피 웅천 ##글거리 673 비너스 야마하 ##키리 병설 노인회 웅덩이 카메룬 ##ender ts Glass 치상 꾸역꾸역 그기 정변 지상군 ##루즈 독극물 바이럴 행선지 버렸으면 외항 가정주부 꾸지 늘어진 섬유질 껴서 ##로웠 건장 놀래 ADHD 라보 진태 논산시 Ox 인덕원 일방통행 돌비 육로 순국선열 얼터 진아 파티션 로드리게스 ##창민 ##세우스 EDC 이종석 프로스트 LM 거른다 무브먼트 증도 ##gl 봐왔 ##냉이 같잖 파충 ##리에이션 1160 ##국사 ##문가 티엘 다녀서 레크리에이션 913 ITX ##문예 키타 가지급 개인기 내란죄 ##윤경 공저 종대 0176 치카 리저브 스포트 로토 류체 상지 요도 736 BRIC 뉴이스트 000270 내손 소래 쪽박 뒷감당 DDP 고장난 ##던가 총애 모택동 뜯어보 이상호 루스벨트 분납 ##rough 공중분해 동분 장롱 거머쥔 휘청거리 캔자스시티 Chemical ##uring 테크노폴리스 ##슬론 get 김형오 택해 양성자 클로로 ##청소 고토 실투 재심사 멈춰서 되돌아오 ##룽지 암각화 FULL 페티 Leg 해준다면 적진 689 oid 노브라 연구사 인상기 하반신 병균 저개발 토네이도 예당 대대장 aa 보도국 ##위안 문틀 스매 833 미소녀 독박 생리학 manag 맛봤 불난 정소 신문지 신춘문예 관목 괴짜 양초 Ti 감시자 모친상 global 목초 탕수 Are ##뛰기 ADC 세일즈맨 활성산소 HTT 외친다 다르크 ##수정 과육 석실 ##back 고깃집 어우러 ##바흐 홀릭 James 안드로메다 강추위 의로운 기업주 코사 향년 저질러도 ##ney 중유 학회지 ##패시 ##라이어 일정량 저예산 ##PR 박리 끽 떨쳤 머독 기동대 커패시 클레이튼 ##둘렀 병세 ##수사국 그런다 오타니 우스운 손괴 악귀 추해 모노레일 연방수사국 실연 후학 일텐데 양력 Festival 무로 후루 Box 대피소 암웨이 마스카라 고즈 실링 저래라 마스터즈 송어 한선교 양귀 mlb ##협력기금 키노 로빈슨 악조건 탈락자 ##슬라비아 유고슬라비아 삼지 ##금니 에폭시 ##매석 서호 줏대 리액션 정릉 봉선 매점매석 아현 ##rial ##모델 ##투구 스폰지 that 교자 김갑 백련 지운 995 권성동 비뇨기과 논지 오젠 전시물 gener 가스안전공사 비할 요상 체임 숭례문 ##교구 구스타 놀라웠 ##otion 감촉 권준 쪼끔 Ann 미니언 자작극 쪼가리 쪽쪽 침전 ##달콤 ##저러 김화 tor 보드카 Event 상도동 포만감 tra 기고만장 빌더 육교 내보낼 선택제 으셔서 소구 찔려 새콤달콤 ##총사 속개 아민 ##ESS 웅변 환류 아스카 Corp 한신공영 폐가 ##건조증 Track 안구건조증 ##대상 기술사 관두 꼬막 매핑 명망 불포화 코엑스몰 케르 이뤄지게 캐리비안 진도군 신계 심전 예천군 5060 입량 최문순 ##ister 염력 속속들이 외환카드 계책 기실 공포증 학용품 아킬레스건 투모 트릭스 크라운제과 구위 줄임 ott 난다면 눈썰 무개 썰물 윤도 초사 ##질팡 씨제이 지에스 터무니없이 ##락치 옆면 골동품 약사회 ##절미 ##yth 역수 외톨 최치 폐인 리베라 ##ima 바텐 조또 조산 탈진 723 동그랗 라이트닝 파머 ##컷뉴스 품성 ##ollow 김성환 수원역 씨스타 활력소 노컷뉴스 ##ml 송하 장용 미쿠 잡수 EXO Kar 부녀회 운수업 한데다 서병수 ##대출 열라 ##aeil 마라도 Az 발색 열성 조무 뎌 통일성 걸핏 낸스 먹였 터주 만우 보철 케일 저글 696 남한강 막사 밑반찬 루어 둘째치 메디슨 Card 애국지사 콜럼버스 Press ##ucation ##공명 퍼런 합사 워스 호매 떠벌리 출발선 Saint 모내 ACE 천지인 ##annel UNIST 콘스탄티노 ##신항 격성 망가져 Sales 안전판 751 테레사 가이트너 원균 Hel Rew ##사진 ##이라 하이네 현상금 워드프레스 쇳물 She 영주시 일궈낸 제이드 녹용 동티 합종 변화구 ##탱이 Private 빌헬름 컴플렉스 ##여왕 ##ECT 진용 방사광 ##로울 동광 728 적과 임실군 갈팡질팡 걸스데이 철길 ioc 문고리 해열제 VK 눈도장 배격 에이프 돌볼 외손 주근 753 보복조치 ##tp 청평 세외 학명 화풍 우선권 우주인 스위프트 두리번 수산청 철거민 청운 정자동 693 Wall ##돋이 겹겹 기특 말로 복음서 아무거 미스테리 오리온스 도기 어유 잡담 마셔야 이월드 ##새우 ##불만 불치 화들 뇌사 쉐리 전민 타들 ##급부 AZ 판본 ##박물관 환차손 들른 해마 ##ourc 접대비 금요 단색 ##마이트 해저드 머지않아 VW 은인 탈수 화들짝 김희선 말꼬리 회사법 기냥 지관 메자닌 서양식 교배 탈영 비교적 ##orage 웃음거리 ##mo 태교 ##스티스 ##지사지 선인장 일상생활 ##bit 어떻하 최태민 가책 준이 DJSI 적다 Vehicle 탈핵 퇴폐 시뻘 완다 mar 스피킹 일어설 더덕 코니 카푸 자위권 직불제 717 고장나 권선구 여겨져 반대급부 대축 의붓 뇌전증 ##itter ##도스 립스 스도 웹진 김정호 ##ormal ##BE ##다하고 시큰둥 ##ENT 다툴 날인 럼프 임형 심복 구인난 스타스 KPGA 기필 798 역지사지 ##스텐 다과 때려서 어금니 유리병 여린 허풍 일직선 패권주의 이방원 감흥 899 북새통 035420 말귀 크류 812 기네스북 김세연 따져서 color 개론 but 베끼 주검 통일교 But ##enz 수관 연면 GEM 랜더스 이정훈 Lin 자연인 북아메리카 YouTube 김상곤 남아돌 주산지 ##람코 ##암호 남가 코람코 걸음걸이 실용주의 669 구자철 수임료 전농 691 전처리 알바니아 하절기 star 결로 김혜수 ##가림 내색 인주 개그콘서트 가타 컨대 내어주 복합문 브레드 맥박 EMC 가야지 등한시 모체 다비드 바이올렛 ##ws 열선 무역투자 무역투자진흥공사 od 고여 노위 이군 지리학 차석 폐경 베이트 네이버스 웰메이드 호스피스 elect 가독성 해돋이 갈기갈기 모처 토닉 박연차 구멍가게 832 무자격 끌어들일 만병 스톨 중관 965 결정자 장수군 지포스 싱그러운 Economic 귀리 에너 조봉 복원력 ##파람 주취 772 반야 부턴가 송강호 진풍경 크런치 정실 지레 Mat 몰려든 그레이드 에인절스 재워 뱃길 포그 DWT 마쳐야 이기주 테일즈 고서라도 블랙스톤 불성 담벼락 오싹 조응 로터리 살린다 제퍼 아사드 희소가치 전기자동차 휩쓴 788 야시 사하라 최정우 경배 778 무관세 레니 내줘 휴가비 ##곡곡 카카 산수유 공소사실 명퇴 여래 첨병 918 GSK YOU ##임즈 자는데 투신사 진접 아미타 재탄 주걱 엘살바도르 ##해진 깔보 동중 Sky 방방곡곡 ##대국 러일 봤었 족구 현세 대상물 ##꽂이 상업화 졸라매 인턴사원 군량 도읍 음악제 최고봉 시한폭탄 군관 석촌 재승 임해야 미끄러져 생긴다고 트일 상계동 부액 전갈 ##ather 겨울나기 포름 스타터 평하 권용 만안 카브 rel 취득자 회초리 Rest 그린피스 선석 찌른 탈주 흑마 그려냈 매춘부 알려줘 태어났으며 ##경쟁 정색 계산법 발차기 경례 카파 고영태 망가졌 사석 오경 ##샤오핑 반듯이 덩샤오핑 주운 759 Ray 멀다하고 ##터지 금새 어떻든 ##uv 선민 최일 짱꼴라 매일경제 거슬 때려야 니카 헌화 Fact ##건영 패스트볼 MH 남파 GSM 걸세 블락 악녀 혐오감 사택 가정집 고현정 해인사 산산조각 원죄 족부 홍원 써요 춘계 혈투 베링 겸업 나파 이정재 버린다는 흠결 입소자 하이얼 ##국가 러스트 과산 부나 천보 스러워서 ##텍터 교계 벌꿀 서일 양팔 지앤 743 Run 건전지 난도질 페더러 Son ##사탕 상왕 756 동풍 흥남 드사이 소지섭 ##bt 민락 취객 모아졌 부녀자 techn 막지 발식 COP 진선미 Pv 자강 약사법 ##투비 ##판매 핀잔 꿀꿀 샷건 Mom 다운타운 해서인지 사구 전용관 안료 그만한 편향성 ##게트 군구 대범 서광 937 접견실 큼지막 ##FL ##ether 오장 김익 미네르바 중풍 김연경 726 Dist 세가 양허 야쿠자 추격전 한술 ces ng 보탠 높였으며 키운다는 프놈 위반자 저당권 치명상 Ep 세바 염산 글로리 나카무라 683 img 귀여움 정보망 ##인상 frb 도축장 사그라들 ##봉투 ##끄러미 ##pect 넘어왔 곱한 내규 ##세로 눈꼽 땡큐 교육세 노기 오모 중보 후크 대합실 늘이 Toy 중합체 쩔쩔매 채식주의자 한종 ##프트럭 ##내릴 ##빼미 부곡 쿠마 날벼락 저물가 파라곤 피날레 일으켜서 근위 치워야 크리스티나 United 수묵 어사 서론 잖냐 덤프트럭 ##때기 요술 죄짓 피울 792 대여섯 빅토리 Naeil 믹서 ##갑시다 서청원 객차 안긴 Eco 다마스 신제윤 선봉장 잦아지 약할 감탄사 지낸다 한올 윤증현 베일리 이승현 ##절명 oj 암말 점착 화룡 상승국 괴력 대구대 정교수 역정 촉비 766 감사장 공성전 ##nc 정이 FTX YOY 내놔야 ##간판 효린 플랑크 이등 절염 리제 예종 804 거듭난 존경심 스트로크 가택 692 라니깐 미친다고 후사 회계부정 벤자 상현 ##orpg 교환권 잡아냈 버시 양서 팔로우 트렌치코트 꾸밈 문회 솟구 스에 갈비뼈 잉글리시 ##flation 지용 PSI ##쪼록 기술인 꿈틀거리 지웠 켄싱 파충류 비전문가 윤리학 Term 아십니까 하이데거 일양 흥덕구 망친다 임산물 높낮 비긴 티벳 쫓아다니 뉴노 고대로 관찰자 ##거루 ##리코 신동엽 이경규 충전재 달랬 손놓 잘랐 불러들여 브래지어 별짓 이봐 투시 729 가락동 카라멜 Video 덴버 래핑 795 God 안전띠 청소부 저류 줄인다는 ##노래 범여 ##리어트 냈으나 삼총사 시소 친부 김우중 Room 강종 떨렸 덴트 만선 세화 hot 끊어진 ##경제연구원 받아들여질 Ur 심석희 Well 빙과 스틸러스 ##갓집 자키 주보 수채화 뚤 전말 박원갑 밀어부치 열위 요통 골라야 빼돌렸 ##절차 ##페르 버너 떼거지 퀘스터 파스칼 ##ett 694 상민 748 소외감 819 877 시각화 신천동 벼룩시장 다이너마이트 ##그린 내겐 아멘 원반 749 NCT cycle 연륜 털털 브라스 따끈 마기 도코모 세뱃 시실 청혼 핀셋 ##데다 746 개인정보 ##잔디 탄로 XML 브람스 Holdings 요긴 Dan 이환 한구석 ##200 속리 완납 가차없이 세뱃돈 남태평양 ##인사 찜찜 813 스목 양구군 헛스윙 숙부 NSA 지제역 005490 촌장 무관용 굳어진 찬송가 카트리 조디 CCM 중간값 지나간다 803 물으니 Just 난데없이 세워라 심장부 달군 임한 739 담소 직각 처마 741 양념장 올빼미 산로 PMP 드리우 야마모토 922 반민주 고엽 포미 베로 스킵 ##세무 허인 항공대 일신상 벌판 소림 후두 ##bell 중흥건설 김서 나탈 장근 oil 1055 종현 중주 Bond 아린 ##군자 퇴화 드러누 시야각 할망정 ##ination 건배 ##apering Mr ##PER 연환 ##장학 그새 커머 황의 하드코어 만졌 용언 청첩 김기남 Clean 삼켰 서건 심슨 이고 일언 타바 698 통신원 피난민 ##댄다 남진 시퍼 평단 세면대 남선 러니 CAD 우미건설 수달 헤어질 ##umber 손색없 기망 대망 희화 926 공동선 비비드 시트로 궐기 몰타 불후 돌아봤 반지하 대식 입행 던지라 옐친 하달 굶주린 ##러닝 ##압감 엄호 외박 교통난 보성군 출발지 귀기 밍크 대장군 양고기 조계사 도라에몽 Intellig 까끼 아타 기획력 어촌계 907 구본준 날아온 가렸 낚싯대 예프 시트로엥 분한 대인배 키스톤 서려 배당기 체육인 흥행작 외사 파상 의료기 Brexit 네버 박형준 캥거루 상관관계 미어 려거든 루가 다다른 질투심 폭풍우 가스레인지 군도 더그 마개 예비치 전기레인지 속삭이 ##문화재단 끌어당기 어리버리 ##entity 끌어올린다는 kl 특송 갈라서 조문객 한국야구 한국야구위원회 긴요 변산 인륜 839 ##acute 공개경쟁 황반 메가와트 Samsung tp 가임 계시록 용광로 정당방위 대향 윤두 잉어 ##장머리 속도전 HG 야인 절체 ##내티 투니 신시내티 얹혀 927 김민석 까딱 살육 얼버 높낮이 부러운 ##ersonal Bio ##하임 들쑤 앉혔 OVA 경호실 종신형 블레이저 해초 밀반입 주권자 776 관현악 관광특구 루틴 춘장 켄트 697 bnk 뽑아낸 박양 흙탕 곡소리 Galaxy 는걸 로디 운신 스카치 신림동 갈피 나눠져 ##장학재단 백경 소염 넘어졌 Heart ##우뚱 건양 이참 ##베트남 시코 빗자루 권상 사회부 적대감 콜택시 OA 감퇴 마들 안식일 체르노 탐험가 물레 base 스케일링 내빈 으루 ##하마드 998 UPS 집사람 투표자 후불제 ##르륵 카밀 외장재 저어 추사 이인제 ##예술종합 Pres 데카르트 보아하니 ##예술종합학교 한국예술종합학교 ##광고 야야 Gam 다기능 응우옌 요금소 ##웍스 말릴 Cas 에스파냐 각시 중턱 ITO 강민호 철부지 물끄러미 사탕수수 피해망상 ##나루 소신껏 베르나 신의주 ##미문 ##에버 솔솔 츠카 내셔날 레이븐 바른손 인즉 수인선 지하상가 용성 내디뎠 불용 스트롱 유약 방책 조지프 코노미 기엔 단감 장타율 금단 한라건설 micro 버르장머리 sf 골관 스지 한탕 이춘재 ##차대 공당 못생 김태영 콜롬비 User 제련소 지능화 크리스피 ##ucture 여든 함인 동량 련다 베껴 수에즈 문드 탄신 ##IGHT 경비대 안동시 종착역 ##fol 밀알 두류 중창 지애 홀씨 수소문 속설 증조 토속 RBS 전대미문 백원 지브 smart 시프 월권 화순군 생긴다면 생지 종위 TPA ##미남 ##죽음 쌩까 볼래 마커스 살찌 제타 주야 ##근성 난세 우현 ##바이크 심정지 상업은행 ##met 퀘벡 서상영 What 나타난다는 ##타주 도취 펠레 챙겨서 심양 말려야 뽑아냈 투표장 중역 청구자 의사당 조립식 붙박이장 ##노조 길림 메이슨 함영주 늘려갈 도합 휴진 ##델라 ##바시 ##장군 자충 터틀 이미선 응해 ESPN 소탈 쾌활 김미화 심해져 오디세이 일테 ##ella Studio 소년원 ##포즈 고관 본과 삭막 흉물 경찰차 ##요리 동발 청기 표한다 Stock 낙랑 넘김 신권 켈로그 대오 라울 진형 군무원 영호남 루체 광주비 광주비엔날레 ##구비 운집 현제 ##곡면 서보 암소 유속 황금기 비상시국 ##레아 요절 은연 타순 885 789 ##벨리 건영 무결 시공자 티즈 APP 낙상 민통 영우 764 메사 비버 상운 성군 용처 야심작 정두언 류준 지동 노동시장 거소 하대 에는 장탄 잿빛 호락 하토야마 캐빈 한서 으면은 투표함 시르 확답 오츠카 그럴듯한 소송비용 인걸 체이 알렉사 학술회의 김재현 징병제 스트로스 프런티어 선제공격 넷북 산액 야훼 여야지 메콩 당구장 ##lege 소리야 신현철 ##성당 콧대 헤엄치 휠베이스 대게 때기 유광 CRB 로마인 룸살롱 검은 메웠 카디건 석굴 흥부 이증 ##rown 814 ##덕동 잡아들 ##adem 프러포즈 ##캠핑 미증 어슬 1830 책임진다 서영교 테이트 pk 얼큰 쯔쯔 칭기 거물급 기여금 돌려줄 ##몰라 잠자코 전기장 리의 떠올린다 ##ese 게장 더부 크렘 다녀올 오토캠핑 최강희 017670 실공 예명 방청객 엄습 카토 일대기 테임즈 프렌드 합작품 CDMO 처들 갸우뚱 덕지 현준 깨져서 가로세로 나불나불 툼 ##금지 ##부답 심수 양날 이첩 엿보이 Future ##시피 ##쿠젠 제록스 lpga 재로 퓨저 생식기 묵묵부답 사중 해주 936 장미꽃 경애 건의서 물들이 PLUS STAR 만민 생떼 1030 고랭 여울 아낀 유려 탁상행정 자연어 핵폐기물 ##조원 개밥 건반 뒷자리 불바다 762 쳐박혀 1884 Impact PCI 탈출구 ##iment ##merce 기당 다소간 갑오 트시 페그 파베 테러리즘 ##두사 깨우치 인전 마이드 차승원 역직 소속감 ##퀴즈 노름 분절 소희 카야 뒤집혔 박현주 운서 밝혀서 서태웅 중차대 눈총 벌목 곡성군 김판석 총면적 Dubai ##색색 ##raw 만우절 저스트 청첩장 맑스 하승 호떡 담양군 총조사 형형색색 귀인 기필코 박헌영 마음고생 842 드미트리 삼각김밥 경공업 적격대출 사동 적신호 프리티 영천시 국향 해트 kc 이웅 우러러 지우개 군벌 따져볼 벌여야 체고 대한의사협회 px 카루 786 페이먼 피임약 법률가 854 켄터키 휘파람 족족 풍림 앞치마 ##철주 고니 displaystyle 노우 데니 호그 지디 기쁨조 고촌 엇다 표범 개척단 문지르 TT 비옥 영과 태형 Environment ##잭션 습자 트랜잭션 ##tainment 엄태 자습 폴슨 mmorpg 김기식 류지 글라이 신준섭 총서기 체르노빌 튀긴 행체 Jack 미식축구 어려우나 남훈 매듭지 ##oS 차바 코즈 분별력 에리카 축구공 로미오 머스트 멕시코만 앞지 졸이 앞당긴 ##hz 오역 754 876 바게트 문화일보 시스템스 민진 펴내 형기 내보이 강남좌파 종소리 영신 836 화강암 회전축 좋아해서 상복 찌들 라즈베리 뒷담 문영 친화력 컴파일 로부 재전 Ros 밀치 핀다 네스트 Nat 꿈꾼다 한국경제연구원 ##NK ##놀드 함경북도 수발 고글 미도 정법 재채기 Society 다뤄질 수서역 지구력 신순 ##팬지 이지수 괴로워하 ##백계 가습 공제액 미쳐도 조성진 주홍 ##계산서 끌어낼 구력 비동 최홍 티맵 바쁜데 맨션 비엘 유엔사 이승환 재탄생 만렙 휴렛 처진 985 날아들 유보라 손익계산서 Bottom product 이외수 테헤란로 들켜 문부 아케 866 924 Hist 붙임 우애 표한 합수 도입부 이혜훈 토리노 마로 장기근 ##sa 바이오센서 국운 738 독점권 비린내 환경정화 교파 종인 BIG 병역법 청시 담보물 빚어낸 연결부 병명 안인 자망 축인 005 783 강연료 달라스 단막 으휴 등급제 일벌백계 ##IR 맨손 아문 넘겨야 깔렸 보릿 현인 머리털 이시아 ##케팅 서문시장 박소 변심 송림 육우 인두 쿠리 권오준 달했으며 반겼 복근 침팬지 0342 루이지애나 립도 817 이뤄질지 떨어트리 742 807 Law 마누엘 배급제 이미드 애경그룹 양곤 784 주류업 봉헌 834 스완지 ##ified 앙골라 프놈펜 ##루프 로자 수행평가 덮쳤 나갑니다 참상 ##분방 총신 토부 ##드린다 761 목적물 스토브 지겨워 꽃집 무균 비브 학적 답십리 이누 SoC 창조성 자유분방 새낀 살려라 이디스 백세 월정 무소속 모에 광복군 ##수설 VF 오태 회합 물리쳤 안창호 얼티밋 Ol 바드 jyp 이한구 주름잡 지방도 볼로 피보 뭔들 망설였 재선거 홍익표 show 비틀거리 ##UC 낙담 이금 ##군인 쑤저우 대실 Rep 베트남어 올라갈수록 박격 GBC syn 미결 감자탕 달라이 부락 산촌 한농 ##서답 리용 잇돌 아르마니 ##마비 북태평양 ##이더 동복 944 영세자 넘어선다 안타까워했 중층 게오르 쫓겨났 뿌리내리 포효 입찰가 동문서답 팔라듐 탈착 마돈나 클로징 Public ##오일 그이 오행 치어리더 주먹구구식 928 마르틴 capa ##메기 ##치노 선산 앰버 어윤 대동강 맞춰졌 qr 미장 펜타곤 시루 sum 막다른 WCDMA 초본 옮겨갈 프란츠 호라이 횡행 백지영 성산구 시끄러워 ##omb 칭기즈 구립 능욕 산연 세슘 골격계 녹내장 휴머 김수영 부산역 망한다고 덮쳐 마석 서우 골프공 된지 척살 박용만 코르셋 환구 발맞추 이즈미 티에스 강봉 면분 커쇼 도래지 지배층 프리덤 ##만치 움찔 자도 sds 귀여워 정육점 메모리얼 ##정대 846 사자성어 능청 싸워라 조리사 ##azz 사고파 si 뭉칫 826 한식당 화덕 781 유전학 투표지 부산신항 연방은행 844 메탄올 세일러 주절 ##도원 멕시코시티 가짐 격정 지세 그라스 진학률 구씨 런처 마킹 무정 902 변창흠 0001 심증 올랜 클리닝 병신 잉카 코닥 song 포틀랜드 늘어져 지동원 ##usion long 아처 1644 색칠 033 사마귀 인기가요 독약 식목 어길 알아낸 ##ondon 어렵사리 수금 Michael 무법천지 관아 슈터 총구 이목구비 ##응보 피엠 러라 숭이 텐더 포경 KTH 내곡동 책임졌 올리브유 인디펜 ##기운 GF 기총 동도 캐비닛 한덕수 탐내 양준일 우원식 작업복 Metal 스프링클러 꼈 샤먼 카노 디에고 무역업 상계관세 셀피 895 수정구 1090 intern ##에리 ##프레임 본궤도 사해 매긴 박재완 ##INT 반겨 857 SMR BNPP 에머 NET ##ument 유당 향식 917 GIS 아이작 서울광장 크림치즈 메카닉 1230 인과응보 Share 콩팥 황우여 ##BL ##트라넷 작업반 ##껍질 ##메리 908 nhn 무사고 다크호스 인트라넷 황석 계승자 송태섭 크리스티아 미끄러 ##시개 ##춧돌 랄프 엮인 경추 소보 휘몰 정해질 꿈속 명륜 백호 일약 734 당귀 성민 전륜 서건창 유천 흑사 데려갔 양로원 판다고 이리하여 장발 흡기 맞바 우니 MSC 호프집 ##gr 개전 dec 몽블랑 뛰어내리 내음 매섭 원이 체육부 합장 뭉칫돈 아까워서 ##TIC 무속 칼질 782 ##음악 덩굴 친교 GCF 가벼우 거스를 부정과 시칠리아 ##문동 성교육 해리슨 1190 ##탐탐 시저 NFL 지원국 꿰차 신광 탕수육 량도 롄 UK lig 구박 타올 응모자 입교 ETC 가지급금 호시탐탐 ##고도 멈칫 발명가 주춧돌 리니어 몸뚱이 습니다만 스틴 으쓱 APT 유년기 수본 연륙 홍승 강매 싫증 편했 939 이장원 ##회담 손동 코빗 결론지 알아낼 ##고가 ##성가 최유 해대 노리개 무인도 처용 유정복 KKR 광운대 골망 미망 소듐 외워 773 모니카 조정기 증폭기 ##운수 김사 제작소 백만장자 수입업자 뒷말 종도 ##폭력배 이찬원 Peak 명은 올랜도 가느다란 ##파트 불확 태울 763 근접전 정치사 체크아웃 조직폭력배 압살 전골 ##rome 758 BBK ssg 요리법 규현 좁혔 돗자리 이한용 ##DIA 궁색 부성 level 이혁 이브스 주목도 ##stream 위신 티티 황유 최소화 흙탕물 할복 IBS ##ocus 김근태 수취인 ##other 고봉 번뜩 염불 Manager 념 바사 철야 의정부시 한다든가 허혈 덤벼들 호매실 ##ray 우타 페타 797 NCM 드려라 어긋난다 어렴풋이 oh 느릿 별점 리볼빙 명대사 ##만년 루브르 ##교통공단 도로교통공단 ##문안 라흐 코소 행정직 지드 779 BLA 승리자 빨간불 무라카미 가우 ##빠이 824 SKI ##켐스 FAA 휴켐스 English Limited ##tc 김교 시린 ##rame Ant 고관절 jw 레이지 작살내 ##vention 미하일 세이지 획책 ##메이커 벤자민 중화학 상심 커크 053 809 878 약해져 best ##삭스 신맛 애물 쟁반 투트 국립중앙 ##목동 묵과 생포 변화무쌍 접객 맛나 에그 Tem 법인세법 노코 대민 염상 캐럿 판이 간통죄 동원그룹 커패시터 깨워 침상 ##심증 기포 헌트 미래인 난투 서행 우럭 ABF 디아이 더딜 저압 농사일 손모가지 크레이지 ##대회 ##필러 쾌유 근종 쪽팔린다 Trade 에펠 농무부 만경 터트려 결식아동 산초 송대 꽃미남 놀란다 문정동 백원우 캐터필러 jp 프래 SAS 중부고속도로 빼액 엄단 서명식 단둥 일조권 동업자 어지러운 랜다 본죽 전증 내가 샤크 769 공의회 놀아난 거국 분다 고임금 비활성 지속력 일루 비행사 틀어지 식량난 한국장학재단 조창 로고스 모하비 호소력 밀어붙였 ##쌔신 문동 노영민 소금물 어쌔신 자수성가 지긋지긋하 과음 브렌 천궁 CLS 사들일 뛰어오르 ins 적잖이 졸음운전 역사박물관 엥겔 한용 반신반 최동오 마무리지 재송 계셔서 낯익 용현 마릿수 ##anger 백의 우민 홀인원 ##egr 킴스 단테 ##ford ##불허 김주현 VoIP 막심 전야제 크로우 격침 1885 우남 Est 들어와도 교익 ##2330 자살골 순하 주우 헥사 눌러서 비바리 ##버러 977 ##학파 그년 ##불허전 Song 뮬러 ##팔로 옵스 ##unch SIM ##브론 904 url 산천어 주의력 땅덩어리 명불허전 자욱 992 조연상 ##노스아이 ##노스아이레스 ##ju 쓸려 결승선 부에노스아이레스 816 비쌀 빡세 양경 유마 미시시피 ##대전 현찰 산나물 양재점 ##신보 국법 군의 휘젓 영의정 모낭 신소 ##edia 뇌세포 납골 박혜 ##어난다 ##콜라 리옹 법주 허진 김영춘 장기근속 질기 mus 입학금 하노버 서화 선아 건너온 김관진 사진관 은하수 레거 ##ache ##몰래 외통 서머스 ##농장 저지대 ##GS ##차저 린이 배종 창고업 ##세상 지유 ##대원군 이명헌 마다가스 호족 손연재 함경도 2032 개떼 알렌 ##바라크 리시브 유해진 인터폴 페드로 슬래브 전자동 줄타기 어서라도 jb 바질 허드슨 기소유예 파비 ##은사 굳혀 본론 왼팔 ##페어 Mir 심박수 확실시 거문고 보컬리스트 크랩 GLS 신문고 엇갈려 무바라크 자작나무 커진다는 토바 필로티 매질 엄살 829 과로사 미식가 Edition 떠받들 시험관 산군 인텔리전트 848 다던가 ##미네이터 커피믹스 천고 Dom ##yan 등시 GDI 가림막 service 주몽 ##레슬링 ##ember 관상동맥 Trust ##케이트 Def 오송역 ##디나 갓길 울란 으름장 ##큘라 싱이 압착 심사위 BEST ##지폐 공멸 낙산 강동준 ##dro 궁수 홍지 의창구 스크리닝 ##은주 권대 놔도 시자 로널드 기함 장제스 체온계 이페이 자의식 근본주의 파란만장 장염 주막 874 원해서 살아난다 Mb 외파 왜관 유트 탱탱 하품 조순 현영 불확실 Talk 크리스찬 중무장 ##FII 입석 트임 활어 MCN 김관영 때려치 리자드 윳 망인 보균 타전 번역본 딜런 DHC 어버버 카트리나 ##화폐 터미네이터 946 김수겸 식인 적개 전후방 year 상화 spc 유도체 트로닉 권양 DDI 이지만 Petro Spring EVA 성주군 전파력 정성구 ##iu 강형 면출 바르트 울릉군 909 냐면서 신입생 약정서 모실 야사 CSO 유학자 ##메니스탄 석가모니 광년 긴데 책동 투르크메니스탄 ##발성 엉성 낚시인 사라짐 이중인격자 개웃 왜적 페일 박준영 첫인상 ##도로공사 Access ##넬라 베지 032 843 구미호 도종 912 bre 네거리 덕트 비겼 사문 엘니 메가폰 한국도로공사 스칸 진국 채플 SGI ##레즈 현은 가정부 장학사 ##ker 978 북치 889 전용선 편집인 마요네즈 ##달랐 ge 화초 DCF 가득찬 부르스 헤지스 휘말린 전자화폐 나도 모듬 뒤따라야 순창군 최영희 락지 고랭지 그니깐 ##unter 위조지폐 ##셰비 랜디 어겨 알버트 엄정화 가져간다 ##신성 풍무 아놀드 1882 ##클레 ##바토르 KOF 일어선 카디널 하코 그물망 나몰라 다케시마 말끝 파트타임 방목 ##수영 토코 함안군 올라와서 ##친구 ##토지 문해 났으면 던져서 바텐더 난독증 번거롭 매일신문 RB ##떠러지 감천 다녀가 여섯째 낭떠러지 뉴런 ##대리인 ##암센터 국립암센터 793 장흥군 글래 인입 868 ##실금 ##yun 처세 침하 Dow 북두 차르 발키리 강권 레슬러 박소연 한림원 관광협회 쿠시 ##rive 시래기 시킵시다 거다 단칸 식육 뒤집기 통일전 축축 그만둘 ratio 아물 ##나미 ##라구 mo 882 새하얀 GH 살맛 823 득표수 다닌다는 익기 탄천 평강 성시경 에워싸 스탄 종류별 탐험대 화학주 복음주의 Sound 과학기술 ##메트 ##RY 기죽 하타 해학 거수기 ##빼기 맹독 용부 맞춤식 회중 유불리 이질감 ##대접 ##삿짐 ##EAM 지압 함소 이삿짐 박건 조치원 나전 빨라야 항해사 ##이용 쳐죽 투유 ##르트르 콜린스 KU 객장 두건 비투비 뤄 밑창 비집 수산화 조운 만신창 신앙인 겉옷 공유지 으련만 Block ##발라 풀장 복강경 아이코 결혼식장 원한다는 사과드린다 격기 햅쌀 시달릴 이재웅 Lead 슬릿 ##나이더 양귀비 어학연수 조잡 총평 소대장 절망감 폭발력 Orig 무이 익스포져 신앙심 ##첨화 애지 운구 홍경 play 계원 국학 민시 빗나갔 금상첨화 굉음 띄울 서준 제헌 ##텍스트 ##weet 여중생 프랑코 ##험자 혈우 903 앞자리 794 뒷구멍 물탱크 ##FO 윤선 UFJ 머리칼 저버린 PLC 바래요 서장훈 소린가 Hall 문민정부 마름 지조 887 그란데 어다가 Engineering 추념 견해차 따돌렸 리오넬 마음씨 드라큘라 스테파니 광속 드리워 인벤토리 알츠하이머병 이까 추장 1883 ##무네 PSA Pacific 구들 뺏긴 살생 어데 특감 풀백 ##IGS 보낸다고 아씨 한혜진 ##ellow 엔진오일 구불 아덴 칼빈 ##설수설 lab now 눈보라 1840 벌였으나 공의 빠져나왔 ##백제 물렸 신박 입실 귀퉁이 데드라인 집어치우 주필 중정 목덜미 타이트한 사경 복수심 삼일 양행 지방행정 트럼 837 빠져드 저럴까 Ultra 보인다면서 다툰 댄싱 코끝 등주 노림 몽키 장창 경매장 산악인 횡설수설 932 만료일 저지방 직선거리 당류 996 YBM QTR 0900 ##디젤 ##요연 감응 켜져 958 tier 착화 경쟁률 신비주의 일목요연 폐위 빈틈없 oper 국민연금기금 ##맞추 누더기 process ##닥거리 Ext 오르간 938 청원군 호세프 재석 탄저 휘말렸 프라이머 재향 해박 ##시대회 박찬주 주어질 픽처스 GAP ##츠부르크 공물 못박 재명 대청소 으셔야 절체절명 마방 완고 달궜 당비 쿼츠 ##enge 정재훈 경시대회 중장거리 Express 혈기 929 날강도 레포트 올리고 ##UA 몬트 늘어날수록 빙글 청일 농장주 변호사법 부릅니다 ##망청 target 놓일 쌓일 종교계 황산화물 슈타 까마득 쏴서 휘어지 박춘 952 득실거리 일어날지 거푸 고현 비인 맞교환 무력감 흥청망청 Note 다공 대기록 샤론 함포 jin 집어삼 프롤로그 된단 운다 바닷길 풍계리 바이오디젤 옥타 위독 주구 황지 고지대 추스르 Fort 요하네스 Software ##NP 양시 청백 지비 838 914 미숙아 비대증 플로이드 ##토끼 전봇 서부산 Alex 무아 ##토지공사 레버쿠젠 겨워 파자 호서 해장국 한국토지공사 백진 ##건설협회 알렉산드르 외피 직할 진호 송시열 형무소 대한건설협회 ##국민 코덱 도호쿠 소유물 어코드 끓어 892 956 ##렌더 월곶 전봇대 Electric 내선 유언장 ##간장 가련 가양 각박 압출 요나 VVIP 너클 로케 융성 CNG 끌어들였 ##가분 갈고 탱이 정우택 보여집니다 ##WCA 다문 폐열 세대원 장애자 ##막음 ky 고름 들쭉 ##정보부 Hen 뿌리깊 자유투 타라 계십니까 헤집 ##웨스트 ##기록 ##dle 고독사 불충분 유인물 ##aj ##개비 김자 숙달 은서 출판계 턱걸이 ASML Kh 데우 쪼금 철벽 김동식 광합성 동거리 급기 무에 아코 양부 웅크리 경단 고나 입마개 수안 우직 철기 ##ening Flow ##애락 데자 망은 체액 말싸움 가자지구 ##흥식 밀쳐 계량화 산조 영전 파카 급제동 물귀신 성업 수도관 소산 익성 김정우 류준열 미용사 ##round 때메 백혈구 엘니뇨 장형 프리즈 god 이광재 굽신거리 한국건설 강약 만부 지의 총제 치인 보조제 허가증 키르기스스탄 CNC 고대사 방지책 합천군 바하 엘르 혈족 호드 대교구 ##eration ##느냐 엘스 악천후 걸으면서 선보인다는 결빙 오순 출부 카플 851 BPM 공학자 1321 EZ VP 회랑 mac 걸어도 국가인권위원회 외진 일견 하층민 남김없이 마부 바루 산채 미카엘 돌아다닐 오덕 ##댓말 꼬꼬 마임 존댓말 누룩 변위 849 931 비품 921 벌여온 카디프 1024 턱밑 유달리 0682 만리장성 으십니까 가보 음경 빠구리 떵떵거리 ##공조 생모 험하 나지완 에넥스 용이성 ##범근 ##비비 시디 미확인 얘긴데 친다고 FD ᅮᅲ IO 언성 한국선 ##경비 빛냈 장풍 Learning 복기 미래상 천태 교육열 Code 단공 부석 순박 ACC 들러붙 SPAC ##나풀 브론즈 ##도구 ##sch 멀미 문업 쇼군 해할 FAO 아이티 양동근 함평군 레져 827 꼬우 슈테 무감각 결사반대 슬럼 없음 886 커버링 ##본색 탕평 976 ALL 들통나 미드나잇 내조 ERA Fate 먹물 저글링 달라집니다 바클레이스 콘택트렌즈 ##ste LU 술병 지당 총연장 내의 선납 물놀이장 애물단지 총알받이 강원도지사 올림피아드 아신 사무원 여행길 가와사키 라사 883 933 갖췄으며 light ##동무 노치 래디 821 연인원 할께요 post 898 가정사 ##ising 형제간 깁스 북정 릭스미스 REITs 왼편 회보 연금술사 ##붕어 민도 악하 올레핀 CMOS 스트레치 ##리언 덜한 어려워져 담배꽁 2150 엔피 아틀라스 언제든지 사력 에우 여회 TVA Tur 관정 하후 언리얼 ##떨어졌 했을지도 중엽 끌어들인 땡겨 쓰라 옷깃 아나키 롤라 ##버려야 ##eral 강행군 크레용 뒷이야기 인천대교 ##뚜껑 도광 월간지 ##ension ##ago 낙양 책가방 호언 브랜디 뒤떨어진 볼땐 압송 편치 입막음 ##edd 객수 꾀한 도림 이럼 부끄럼 최철 der 굳어졌 편광판 간이 진미 항이 매케인 윈스턴 에베레스트 에보 로페즈 조이스 2045 륭 광희 지창 847 이용규 머핀 아지매 동식 this Effect Partners 873 귀양 양인 전령 소백산 수원지 Fast 북단 CCC 역기능 하종 급금 베틀 way 박효 카게 무너뜨린 KOICA ##속인 쇄국 정독 살래 Nav 비상구 고어텍스 담배꽁초 소학교 타르트 법당 Hub epl 황동 ##선거구 ##wood 음악원 ##통치 kk 여민 다든가 미뤄진 휴머니즘 에티켓 관심거리 ##뱃길 흐림 조교수 아라뱃길 ##랙스 철군 로타 양석 끌려간 치뤄야 ##ville 셨잖아요 중앙정보부 884 YTD 반인륜 잊어버렸 경강 진대 너그럽 청도군 유하 고전압 서울산 ##che 이래야 Lock 스러워했 ##치레 우신 늙다리 백일장 빠뜨린 프로테 국을 길쭉 밀정 공판장 레이서 막아서 피한다 미슐 서편 권오현 암흑기 투수진 991 도와줘 공람 장암 ##푸아 뿌릴 ##군요 맹공 872 1040 복호 이더 착즙 교무실 해뒀 나빠서 하행선 영남일보 ##스티니 Att 고르바 국유림 불량품 이더넷 코너킥 델라웨어 보나 엿같 ff 배면 무인화 흘러갈 ##윤호 개간 슈뢰 속리산 널뛰 장로교 고르바초프 ##erry 탁현민 hong Rewards ##연횡 역마 초단 간데 영체 오솔 FnC 가동률 바알 양방 취식 치세 김재환 mnet ##뉘엘 각비 나왓 드시 합종연횡 Conference By 천거 파이썬 치민 Que 자격지심 윽박 동인지 ##WN 손들 퇴소 한성대 울주 뉴올리 마산합 비웠 새파 결속력 896 usb web 그래왔 Safety 불가침 클리프 슈나이더 잠바 이정은 라상 좌중 푼다 ##장각 ##och 위산 투호 디아스 우거진 해석학 ##field 리다 휴즈 흥망 빼앗길 스타렉스 더나 후이 943 RPS 달여 용담 정겨운 ##초사 군살 씻겨 종중 캘러 Dark 달라져야 잡채 록펠러 병원체 제레미 한가득 끌기 불현 미성숙 밀려서 달아올랐 스케이프 Arm 수호신 웨슬리 페어리 step fed ##서주 번호표 글리세린 초과근무 인리 제식 워크스 한도액 놀랬 리쇼 ACL 고무신 퍼시스 페시아 ##주택기금 국민주택기금 Virtual 근근 맷집 팔레 품작 ##리아스 졸지에 느낀다는 비식 송종 프로레슬링 청양군 Sens design 경박 푸젠 떡하니 ##분해성 널찍 내던지 레코딩 싱크로 ##피일 다재 채보 빠뜨렸 달마 자릿 김용민 산악회 이주자 타이타 알프레드 차일피일 권정 천년 풍긴다 데스티니 ##종기 모럴 ICA 삼환 전태일 ITU 부재자 진인 허남 ##공학 예총 하금 MERS 패배자 다는데요 조선왕조실록 군상 언양 에페 WOW 카메오 Turn 비칠 pdf 허허허 mini 039 밀려들 배고파 노심초사 바쁠 Wil rpg ##노부 ct 대못 새겼 찻집 916 이나영 Color 기집 코요 Tre 키패드 0008 control 김태형 아가방 해야겠 격의 씨엔 푹신 ##ycl 웨지 바라지 불태웠 민구 영선 행차 ##aser 융자금 부귀영화 필독 954 진열대 간담 796 걸핏하면 국립보건 스트로베리 ##선전 김길 족하 다녀와 임창용 덮어씌우 가고 레너 서수 철창 리어드 트리니티 비근 치어 피도 Rh 군필 잔상 진희 김태훈 아오이 생분해성 호라이즌 명치 손승 근원지 미니밴 바닥나 가쁘 거문 래미 레모 범실 타키 spread ##par 경학 순복 ##사이더 여름밤 테리어 친선경기 ##alt 삼천 004 김관용 방위군 상위권 정제유 UD 곡예 미세화 ##ining ##보그 앞차 무리뉴 병리학 버무려 대아 머나 외시 지이 징표 페터 협공 네타냐 장난기 부드러우 생태관광 아웃사이더 이임 침습 장모님 ##ii 금자 쏙쏙 태미 밀려드 피상속인 최시 편애 달나라 시달린 서아프리카 견이 언쟁 yes 절대다수 열무 여시 오점 운문 나바로 피스트 841 샤워기 승하차 Wire 에스아이 ##bae 거자 선암 이터널 청계광장 에미레이트 써온 종각 종친 하양 867 벌어먹 오드리 구포 에필 947 에필로그 ##ues pga ##숭숭 욕지 ##컨트리 규제책 해진다고 ##클로스 OFF 수도사 입맞춤 ##호락 작은 934 뒤숭숭 색다르 크로스컨트리 예진 학칙 행상 섭정 슬금 적혈 머나먼 Coll 울란바토르 791 Wom sch 근육질 장안구 1234 클라이밍 ##vey 예림 요는 레베카 신호위 번거로운 picks 심평 Summer 자카 스테아 동분서주 ##QL 역성 월미 패킹 루시드 브레스 주소창 빠져나온 유통단지 왕전 015 계측기 참정권 1592 몸속 장당 펄쩍 ##세무민 단정짓 굴종 우당 SDK 이에야스 백양 일라이 쉬워진다 고잔 낚아 ATS Only 혹세무민 ##덜트 그럽 밤늦 드러머 박종훈 시스루 만든다는 ##스퍼 몰골 뷰티풀 0035 Govern ECM 키덜트 당겼 삼산 자하 몸부림치 요오드 울먹이 전현무 Sand Offic 새리 엠피 다스릴 다이노 under SDG 김유신 칩니다 호락호락 보크 윙크 향미 ue 국권 ##니어처 미니어처 ##iting 솔깃 962 SARS ##TPP 방향제 오랫만 ##로더 영애 다니요 이중과세 밀매 보상제 타이핑 ##BT 돌체 잡다 스포티 다이애나 ##리쉬 굳기 호아 고려사 보험자 부대장 장사치 헤이그 가정생활 불끈 김민수 엑세스 진료실 ##사이클링 최단기간 리사이클링 ##uce 문외 Boy 신일본 이창호 정치성 보헤미안 torrent 미선 봉양 처제 쇠사슬 플랜지 등산로 울린다 이진우 Kakao 벌기 김택진 클로즈업 괴사 장우 ##MH ##시로 남달랐 버거운 오솔길 Facebook 김성현 Hill 포철 냉동실 돋보기 처박혀 겹쳐서 굿바이 인쇄용지 링거 호신 ##토리코 무화과 ##eline 끌어내려 온스타일 달통 태구 못해도 상반신 위한다면 ##보냈 대원칙 이재영 와이셔츠 문광 밝혔었 조희연 ##주택공사 ##ittle 인수인계 Small London William 얼씬 흥선대원군 약방 위사 펄럭 피비 활활 최지성 대한주택공사 ##GO ##무즈 포식자 아라미드 을지언정 누런 돌핀 귀기울 실까요 알려왔 ##피린 풀밭 906 모트 이쿠 Tel pay 브랜드력 벤조 퇴짜 OCN 1889 당월 엘시 지한 오슬로 이승호 합자회사 Steel ##따박 ##모르 짭새 띨띨 로건 외조 유부녀 ##imate ##ado 구치 본류 초면 하선 ##절머리 건방지 관찰사 Story 추서 미첼 꿋꿋이 탈의실 튕기 푸코 ##박따박 브라더 죽이기 강함 걸립니다 따박따박 ##젤로 권부 누에 비탄 홀트 베이더 진절머리 볼프강 최적지 like ##wh ##zi 점액 인명구조 앴 HF 체르 협진 객관성 리모트 부릅뜨 대필 가만두 안전모 ##신소 겉면 commun 민병헌 시스터즈 중계방송 매상 고엽제 Cu 젠트리 대백 독기 식별자 기대주 옮겨진 Case ##펴락 그런대로 lov 교구장 아파치 전해들 판다는 홍석천 ##앗이 개작 바주 직지 허겁 미시간 인격체 핸디캡 젠장 하와 968 994 dem 물약 네타냐후 페드 전조등 1871 ##ONE ##ona 광분 데워 쥐락 ##ague 가락시장 쥐락펴락 지킨다는 035720 부존 적개심 카쿠 해줌 ##공산당 둔다면 전결 그루브 Machine Sustain ##나래 앙증 연구용 병맛 팔촌 PSR ##에스테르 수호천사 한재 말려들 헝그리 잡아당기 존비 대강당 자고로 미스틱 클레오 박규 왜소 김남국 Mill 놓아주 빨아들 푸에르토리코 속전 김정민 병원균 탐방객 된장찌개 려고요 속사정 port 귓속 여닫 홧병 노예근성 육군사관학교 미란 흐트러 second dd 리복 869 Rom 품앗이 chain 로아 셰이크 공릉 당상 피티 MSD sex 행해진 ##엽수 채운다 ##ror 자승 김소연 라니요 고육지책 저스티스 ##를로 박애 수풀 전람 진언 놨으니 CPTPP ##위복 한사 ##pon 늘상 소행성 증가량 역인 퍼준 강설량 쪽팔려 마셜 누진세 홀가분 녘 산장 셀라 ##셰비키 ##bout 948 노근 넘긴다 바나나맛 Change ##윤철 사담 ##냅시다 ##8260 전화위복 민아 법석 홍콩항 노태 상제 누룽지 레트로 블루밍 ##토니 대저 리란 겹겹이 새우깡 으이그 정치성향 군단장 그리구 마티즈 최빈 배임죄 자빠지 Stat 포리 둔다는 요실금 합계액 국가주의 ##중파 재이 배용준 Picks 꺼라 소미 끄나풀 귀태 김계 병단 경징계 레거시 오거리 잠수정 ##odity 흉흉 959 LLC 연희동 이민정 민족주의자 ##부르 악곡 IEC 에이프릴 ##ipe ##ych 손끝 용왕 kgc 코너링 위염 bal sim Series ##끼들 격론 산고 점식 하상 997 MCU 화난다 폴리에스테르 라테 ##no ##EAT 엽산 ##계약서 보행로 Hu 광의 박격포 SMART 1886 2350 소송대리인 1820 쥬스 피질 NEX 글라이콜 아두 Mel ##스트롱 인영 임경 떨어졌으며 ##rav 동백꽃 리부트 맞닥뜨리 근로계약서 거길 쌍도 ##cast 853 856 펼쳐나갈 메시징 폴아웃 철통 ##ares MER 감시인 이겨서 이종욱 알려졌으나 판지 963 천우 ##성사 간증 발했 에트 바이엘 Services 벽보 이백 재사 진웅 김현석 메마른 윤장 ##응답 묶였 연개 요주 입선 과메기 ##의금 OT 수와 태왕 993 이중섭 카림 ##aste Tax 디셔 879 Read 군악 복학 응원가 ##좌우 RI 방독 뒤흔드 파푸아 LCR 전반부 원빈 해원 만년필 수평선 실외기 혈우병 CSV ##In 감나무 Santa ##자위대 딜라이트 대토 련지 우송 장명 966 친중파 ##전시 ##oice 대학로 먼데이 불티나 온천수 올곧 GPM 이스터 공심 들려줄 무응답 터놓 Nik 박종철 저리도 조코비치 ##다랗 탐라 859 흉내내 광천 972 이근호 term 반신반의 고한 둔기 시빌 유메 날아간다 ##용차 영작 침출 ##스토이 김정환 김진수 붙어먹 브라보 신정동 탐탁 ##rel 다매 범상 투아 간선도로 레지던트 시시비비 알베르토 탄화수소 LK 선희 이냐 ear 조신 침구류 ##uncil 로세 링스 쌈지 어패 하일 ##heim 건설비 머피 박범계 반디 성채 세레나 할망구 백전 영면 881 부동층 장차관 형부 난다며 이동은 해서든 ##folio 뒤떨어지 Happy 겼 견책 마한 붙여졌 잡소리 걸출 슬라임 ##과천청사 정부과천청사 ##지겁 ##현희 표밭 불가역 안식처 준결승전 Die Mad Tes 수험표 올레길 나왔으니 마이크로미터 ##set 식혀 영달 몰린다 봉화군 전담반 페이커 학생증 서승 아열 ##소이 오염도 허겁지겁 Champ 구천 988 제주지사 ##ala 983 편집부 흑사병 1380 만질 ##채무 수북 871 나머진 실학 협잡 KDN 가군 소영 미슐랭 이상헌 헌정사 암스트롱 고건 웬디 텔러 Sat fin 살핀다 하마평 1680 비자카드 발할 실각 차창 불평불만 김신욱 심인 괴인 923 안치홍 입출력 괴이 돌산 스토아 얼떨결 제퍼슨 한데도 허물어지 반투 연무 탈황 이사야 대현 심벌 반대자 ##재기 low 쉬운데 유소연 stx 김병욱 명진 무뎌 야오 근시안 개새 단팥 더블린 참관인 커져서 ##들일 기합 문석 플린 ##레지스트 포토레지스트 ##불급 수이 착복 cre 동력원 ##어사 ##카인 담금 당가 ##조마 미량 외향 ##코리아 권은희 깨어났 내몰린 손사 자객 민혁 실라 퉤퉤 ##웁니다 컬렉터 핫머니 ##실현 베티 엘란 콕스 튜너 ste 관료주의 862 Tri ihe 김제시 LoL 적설량 ##애슬론 트루먼 ##계동 ##러웠 국원 창공 할꼬 펠릭스 도랑 맘마 왜건 물걸레 수집가 정숙이 ##시온 묘수 빤쓰 축성 Asset 961 흘러간 되뇌 기거 냅다 노여 무지한 십일 젖병 홍도 두들기 마에스트로 wm Dry 갔으니 대서특 엔젤스 ##갯속 ah 이심 골인 ##진다고 ##bert ##izer kai 사이보그 ##사유 악독 ##글러스 박주선 불현듯 애리조나주 정함 라이들 폴리오 VD 조구 Tor 대서특필 조마조마 절인 송현동 FIT 뒷다리 재청구 영동대로 고과 류머 아밀 최국 공용어 포인터 집적회로 말랐 김기태 Moon 칼자루 못난이 빠트리 허우적 ##자지 ##get 가호 Rate 영감탱이 포르투갈어 엌 987 반제품 편집국 더글러스 개청 Hor 서투 ##평리 두루마리 황규 돌출부 케이디 룸서비스 베르나르 읍소 김지현 머리띠 결정권자 GTA 부과금 총격전 ##광역시장 크레이그 ##어찌 김헌 저열 치국 헬륨 쿠르드족 Island ##무휴 894 게으르 세상사 순간순간 눈물나 연중무휴 법망 화동 ##신세계 CIT 이석채 feat 잘츠부르크 College 내친 산요 화수 플리트 물고 ##ersion LAN 드래곤즈 톨스토이 ##선택 원권 해롭 화투 노부모 엠케이 출입자 861 957 Mini 미니스커트 계간 금기시 피서지 축약 정신과 Strategy 광주신세계 비쳤 소고 잽싸 리카르 peer ##망정 심령 미디엄 이재원 활물질 호르무즈 Prov Daily Oh 털렸 가족력 이창용 자폐증 스포티파이 ##양속 ##자이 비올 위폐 YWCA 미풍양속 으셨어요 신교 황자 교통정리 에마뉘엘 울트라맨 ##청자 방벽 걸려들 뒤바뀐 세기말 다름없이 떡갈비 조선조 북제 뺨치 진액 확전 ##푸라기 949 깜빡이 이종혁 칼바람 준다는데 ##제도 ##ban 오웬 울린 ##매틱스 unit 수육 츠바 털릴 밥벌이 이동훈 해설자 information ##따로 인마 전어 추호 979 패트리 명석 별정 모성애 옥스포드 다닥 장희 투비 야적 데이지 큘러스 병목현상 호연 고즈넉 원적외선 FULLHD 키치 한석 ##chor 부속품 티타임 도진 사천왕 ##RU ##구안 ##lor 닭발 폭식 법체계 지멋대로 무과 바운스 조혈 HCN 더하기 본모습 More 강훈 범퇴 아파도 ##acity 진관 침울 몰아세우 LCK 독후감 저고리 나달 냉동고 아세트 흩어졌 Adobe 여객철도 ##날쭉 뭉게 산파 창법 자충수 코소보 피험자 리들 씩씩 공격진 티구안 들쭉날쭉 열린다고 ##ops 끌어온 문정인 타노스 외할아버지 강문 고결 흡수력 위그 창틀 계신데 둘러앉 베르트 자이로 소바 Watch ##셔스 후후 면서도 카카오스토리 ##PL 업사 용구 최서 사포닌 라이온스 ##aur 대잠 들깨 위첸 극우파 비행선 시킬지 허탈감 저상버스 윤보 ##카라과 김세영 야마다 call 둥이 발상지 부려라 기연 딴판 원흥 타산 엑시트 파괴자 Cy Kr 졌었 7080 오디오북 유형문화재 ##댕기 ##뿔이 ##펙스 고진 어투 캐내 map 감시원 설맞이 본위 비룡 애석 982 Jan 들어올렸 ##ko 주루 순두부 구족 당제 방바닥 ##aging ##ibility LPL 경비정 연륙교 증표 풀기 뿔뿔이 나타난다고 ##acc 멘스 Heav 진흥기업 설원 미심 올리비아 유소 국철 박도 비경 개발력 대성당 ##다행 ##디부 엑슨 떠돌이 어울렸 중과실 최고조 선덕여왕 du 도관 ##력발전 Every ##즐리 ##필수품 구구단 이재성 차려서 케네스 휴무일 어루만지 부생 어거지 1599 ##osp 정곡 ##터미널 897 대갈빡 생활필수품 텔레매틱스 ##보고 ##for 멕시 sun 김동철 YF 산분 야탑 AUM CDP 건널목 1865 할게 학습장 곤두박질쳤 특명 풍향 낚이 성덕 풍겨 ios 갈비찜 홍성흔 떠라 밀어내기 ##샤르 이은재 조총련 중개인 ##니클 재할 침입자 IU 답안지 쇼핑객 천도교 ##ogether ##샤인 UM 식신 안갯속 연장자 출신자 이른다는 Touch 바꼈 윈저 ##omet 자치회 Double ##의동 여류 으스 거명 찌그러 ##부단 Season 앱스 억만 오냐 호강 로이스 황해도 솔리 미봉책 function 981 금시장 흡인 OIS 형이상 상연 ##민은행 고동진 누굴까 광주시장 니카라과 ##ocking 스푸 휘어 흑석동 공동생활 헤라클레스 ##라트 카제 Sea 군의관 서소문 ##디부아르 NEWS ##중심 노진 당청 오신 저소 갔으면 보호구 비행단 1888 코트디부아르 ##착증 부로 서종 차압 헤헤 942 우유부단 ##뱅킹 관가 맞아떨어지 정환 피톤 APC 따움 부질없 잡아들이 갇혔 렉키 상측 신신 안산선 막후 박성호 최하위권 short 은화 지층 ##원숭이 ##ants Bad 반다이 브리프 동화약품 테니스장 귓가 ##방편 ##비지 ᄐᄐ 남색 남창 간다며 점쟁이 팔달구 호응도 비슷비슷 중국인민은행 ##부자 중등교육 도톰 조은 863 여겨질 잘라야 ##ea 너울 이상득 쓰레기장 가톨릭교회 물불 미실 산들 김혁 대봉 세교 토일 Det 걸어갈 실국 장덕 dvd 꾸려진 펜슬 KED 김승현 해졌으며 012330 키아 DAY ##세르 진건 외아들 ##장터 WH 셋집 속절 발신자 뒷목 식혜 미착용 협력자 염태영 영업비 타협점 1893 생물학자 꽁치 멈춤 짐짓 나라장터 ##방관 금산군 행정청 1320 써놨 실리카 외관상 ##내동 고린 도륙 부보 언변 조승우 엘렌 893 mil 서이 ##anguage iT 양어 감리교 바바리 어나더 ##주현 보냄 ##cean 감비아 패션계 협착증 ##슬금 용석 임시방편 ##레버 글램 급소 Get 김영록 대동맥 스케치북 AO 우박 진앙 war 개인사 맞춰진 천만다행 분비물 주지훈 헬스클럽 ##inger 바람막이 사량 천치 슬며시 주입식 길고양이 XXX 헤일리 방망 윈스 팝송 웨이크 보통학교 ##amental 조리개 매겼 반했 정아 제척 986 에이커 acid 가까울수록 고사장 발레리나 유빈 Jul FLNG ##AF 루팅 헤로 gtx 씌워서 구아 모멸 카슈 펠로우 논제 나무숲 북적이 불성실 사브 전패 내렸으며 몰래카메라 레브 멸하 호랑 차오르 ##풍력발전 Film ##uy ##스키스 블리스 수수방관 해상풍력발전 너라 무능력 상역 ##게이츠 블렌더 에머슨 food 미혹 주려 접한다 헛웃음 인기투표 페르난도 서럽 조삼 가디건 분배금 망발 멋쟁이 바라봐야 891 벼농사 보수주의자 ##aff 대판 발가 세코 양씨 자대 잇따를 젝스키스 Single 들녘 하튼 서곡 식은 콘트 건방진 일순간 슬금슬금 로메 전여 지킵 해국 펠리페 Store ##노바 시는 식생 실란 967 경찰력 MACD 깨갱 애걸 공수부대 ##ni 삼풍 식은땀 신조선 ##앵글 송현 태원 상황판 내려와야 꺼꾸 경화증 짜임새 NU 애저 지닐 땀방울 비이성 꼿꼿 반색 우월성 ##난리 종별 대림동 결기 말짱 북진 소분 쇄빙 조안 높여서 발사기 에둘러 964 최신호 ISMS 극동건설 Enterprise 긴다 비루 연시 941 Device ##다능 꼬나 계획법 ##타우 배씨 중매 입금액 ##초가 견도 연녀 포비 이동욱 안행 내세운다 ##우에 실향 신고식 으르렁 HDPE band 러드 절판 명문가 애자일 list 스카이프 라인하르트 ##뮤직 대참 악담 차안 첨삭 한패 이경수 ##들린 훼미리 알아차렸 챠트 헥터 줄서기 2750 룰루 도요토미 노림수 레지스터 즐거워하 ht 단디 잦아 TCL 추모제 악습 Inf 바바라 ##plied ##kh 황국 선수상 KIND 다재다능 느림 염동 음운 엑센트 장근석 통화료 ##천만 IW 박승영 장윤정 민어 사제단 크루셜 Main 해비타트 마다가스카르 하석 969 감미료 ##Drive 버드나무 졸렬 Word 부적격자 ##이인 헬레 inc 김희철 uefa 끌어내릴 구파 비실 양점 원경 태인 플루트 산당 케라 화폭 최신식 자학 주승 가용성 서피스 icbm 보비 미비점 원로원 사면초가 Op 연접 윤치 자연수 정수리 only 아진 ##데스크 끌어냈 스위트룸 ##사우 감압 써내 효시 늦가을 시켜도 ##불란 실타래 우범 인줄 카도 주목적 가정용품 난시 송료 장폭 낀데 고강도 복귀전 ##ander flow 고도성장 시켰으면 ##어른 함덕 퍼뜨려 튀어나왔 ##itical 교산 기개 엔디 ##KI ##pha 서모 충장 김진우 정치부 ##캐시 치식 CRT 텅스텐 아마존닷컴 이운 픽사 겸영 글썽 안트 잇속 난소암 서교동 움츠러들 나타난다면 ##상사 na 아스피린 집정 비바 포라 이데아 econom ##수일 운주 충렬 풋살 Ig 육중 통렬 봉사상 제트기 노신 베컴 ##ales 내다볼 빌게이츠 결방 저인 옷가지 ##bor 들뜨 백산 트였 Squ 구독료 김정희 놓쳐서 메뉴인 두수 식충 아영 인절미 발랐 Map Conc 아칸 퍼터 레보 특법 피란 내몽 마레 풍겼 971 유도탄 ##봐라 ##티에 남재 명왕 티센 미란다 떠나보내 ##쩌민 곧이 카고 바리톤 장쩌민 운동복 건넌 러서는 관군 데오 못나 미타 보노 문제아 일사불란 문현 의당 ##앤캐시 싸움질 러시앤캐시 ##IME 한나 Tok 책망 걸러야 군위군 1876 ##hib ##atory 부들거리 ##연자실 개장식 ##ani 어영 홍종학 Entertainment 벤쳐 삼우 조예 ##리스모 각축전 된다니 지질학 망연자실 민군 준석 천편 조현준 크리스티아누 ##려는 전란 탐관 창조자 청원서 Package 오구 용퇴 강제력 김용태 사람인 적혈구 트란 내려도 울화통 유연석 ##티컷 겁내 미천 새까 신지애 pack zone 코네티컷 노병 땜질 치켜세웠 프로리그 흑색선전 헤드라이트 미켈란 버팔로 068270 개중 로티 ##스코니 Old 어찌어찌 카메라폰 ##사귀 ##종이 ##ros 온유 최북 건드릴 이영애 슈프 stop 관입 재제 ##ista ##면체 제액 텔링 기준시 마네킹 ##린데 설도 이재만 트럼펫 데어 부순 코모 항간 뒤흔든 ##루스코니 1868 거여 만덕 종기 동대구역 불연 은디 Wii 넘어진 보균자 model 백현 아둔 프릴 ##드리안 SEA 김재동 잎사귀 결례 ##adow 드레서 두근거리 kaist ##분유 삼남 ton 유니슨 ##jo 심방 폭투 빼앗겨 정경두 프락치 철구 캘빈 ##부발전 신봉자 0157 BRICs 베를루스코니 박혔 아톰 ##싱턴 환심 굳어져 실내악 안내원 프랑켄 일성 1220 대표소송 한국남부발전 질풍 신심 풀잎 자일리 차범근 금당 미곡 오피셜 까짓 속세 엄수 전병헌 토레스 통일로 홀짝 안정환 우러나 ##반지 즉결 nhk 앙증맞 냉감 세공 나빠져 지중화 차선책 SOTP ##방아 렌치 문도 정금 충혈 조슈아 주인장 1892 니콜라이 햄릿 OL 잔뼈 Add 임창정 흔들려 피노키오 ##백백 타짜 가려라 긴가 석자 ##속임 가희 경서 박우 움푹 익위 수열 써낸 두려워서 자면서 ##환경공단 ##뱅크 주철 찜통 친딸 북극곰 한라공조 함경남도 ##노기 극구 복날 엔가 원님 타츠 최빈국 한국환경공단 Education 악셀 어패류 눈속임 루빈 HDI TRA 으셔도 중국집 흑산도 Material 지혈 ##rum ##바가지 시위자 주최자 ##참시 굴림 림프종 몰고가 등가 용마 인거 하이스 아카시아 해관 혼잡도 마소 암투 합주 ##enue 개노릇 순례자 한다구 홍문종 내린다고 마태복음 명명백백 ##조개 슐츠 소모적 청개구리 ##인해 상속자 알려진다 절치 야생화 SHOW 시원시원 고행 초경 간척지 부관참시 콜로라도 경적 vir 차떼기 ##attle EDCF 친위 테인 헥타르 공서 BHP 구소련 미터기 민형사 밝아지 카디널스 자를 INC ##hings fund 로케이션 ##구치소 옥사이드 ##UP 오달 노년기 ##고비 들꽃 마를 상산 축재 프탈 허언 ##ession ##부심 광견 부셸 enm 영장류 EGR 후생비 ##장갑 개화기 Motor margin bg 불도저 코크스 아카데미상 각목 용촉 출주 멈춘다 1260 무용가 차두리 커머셜 ##기현 ##된다 먼로 상벌 MLC 부린다 치바 Miss PASS 잠룡 RPM Module 부력 오뎅 추녀 BTC 피케이 방종 안톤 고사포 연극인 젖꼭지 기울어져 양판 아르카 인질극 ##eri 굶주리 스티나 pa 부신 감속기 노숙자 법문 예열 최충 후난 게거품 성숙도 한국선급 ##신안 ##ulf 남초 망덕 봉이 샐리 연줄 파다 ##unes 쉬워졌 Income ##촌면 행단 ##터면 쉰내 출정 코브라 ##HB 숱하 SPF 김주성 부여잡 급랭 랑스 BIM 발행일 자유도 하마터면 ##iction 부쳤 Let 훈련원 호지 김주영 개런 노도 진노 한유 EMI 헤이즈 딸랑이 TIPS 와이어리스 불러일으킨다 ##더지 ##천외 허튼 화호 ##msys 도종환 부러우 일체감 ##텅이 QTRY 기상천외 로비스트 심우 951 ##후퇴 그렌 ##나마나 거포 반스 김태원 김희정 이사벨 에어아시아 다래 ##ufact 연극배우 ldmsys 도담 못다 오용 외설 장광 재식 라모스 탈레스 특허법 알란 옛길 지명도 County 베레 예뻤 유석 SSL 변희재 실용신안 는고 용소 입산 홍일 ##보일러 성장통 dream ##교역 시류 아궁 페닐 버나드 사이공 Radio 각고 빈축 세용 드레드 자랑거리 재래시장 ##CP 학수 응원전 화장대 이갑 젠트 ##습니까 운동원 보나마나 극빈 소거 크릴 경기후퇴 ##wan 걸터 게인 방판 야로 전철역 Wind ##과학연구소 사성 ##대병원 첼리스트 국방과학연구소 ##돗개 베크 1848 도굴 윗분 인산인해 리핑 맡긴다 진돗개 인사이더 ##어져서 김성호 오연 PIC 플로팅 로체 문천 평전 홍은 베이글 소인배 ##독립 ##MAC 포조 감자칩 김유진 ##도르프 조광조 호박씨 극악무도 Franc Earnings 구테 흑막 녹음기 문질러 스스럼 sil 불러다 사토시 홈런왕 발렌타인데이 병충 붓다 비구 ##노리카 DAC 페르노리카 버클 분모 창투 푸아 ##부사 고막 배향 스네 신유 타트 개종자 함소원 대기전력 공역 경사면 김상수 낮춰서 무거웠 야구팀 한다기 Money 별난 추풍 그래라 에누리 틀릴 한동훈 복사기 ##뿔소 QS 강촌 건진 다이옥 입안자 불법성 따라간다 보릿고개 볕 무능력자 이어집니다 아제 참판 케니 클리셰 한평생 ##신경 부림 분변 팔각 황장 https ##ks 띄어 챙긴다 Gall 까리 황가 선샤인 풀코스 This 배알 주봉 김현아 1002 또박 상감 기사회 락다운 잉크젯 ##세다 씨방 온달 솟아오르 ##근영 017 974 시끌벅 kj 셔먼 우포 055 고승범 1866 Peter ##밥솥 ##adi 먹혔 서다 복고풍 엎치락 Expl network 달고 애먼 해탈 김석동 김영호 진해구 개발은행 앙심 조체 Aug 김형준 소상인 전기밥솥 마필 카모 atm 서랍장 키다리 레드삭스 서전 카보 야만인 로베르토 나이트클럽 냉이 치질 홀연 가고시마 ##강정 단박 현철 가소제 지켜낸 불러들였 누보 수뢰 수차 칠리 Ren 불치병 ##Guide 메이커스 ##망대 까부 이새 진제 Gar ##마사 주술사 김현주 벌어들였 말일 분임 비포 동남쪽 수정체 번지르르 인서 Gap PSP 글씨체 ##iger 아서요 page 과산화수소 문화상 불시착 gap ##alyst 크로니클 마산합포구 수도회 spot 카스트로 ##동락 송명 승상 하디 Mount ##ᄅᄋ 막시 박달 성빈 화양 메모지 에비앙 시즈오카 교하 촌놈 치곤 황족 숭상 차녀 Station ##남북 ##통첩 대초 로야 토닥 eng 광양만 베스터 산자락 강적 만고 문짝 진저 루비니 LVMH project 가본 삼전 곽상도 ##텔라 az 낱개 렌스 부스러기 최후통첩 을꼬 박해진 앞가림 야구부 이지아 카펠라 Shell 겨드랑 비올라 빼빼로 UCLA pres 도미니크 조손 마셔도 이서현 저작권료 산타클로스 ##속결 망함 HOT 이촌동 정명훈 만지작거리 미라이 에테르 ##아키 감영 죄파 콰이 CAS ##ended 평안북도 암로 Medical ##ja ##훈장 단인 랜서 선열 정병국 속전속결 ##테이프 내려져 매듭짓 ##agram 다이옥신 장물 희희 ##load Fall 원근 1210 자파 SRI 부정맥 룸메이트 선관 청초 콜리 SPS 정홍원 파랑새 ##xy 메테 아픈데 주소록 full ##주자 화곡 모멘트 ##ui 철철 피니시 깐다 브란 에잇 지하도 닝보 ##난방공사 드리프트 한국지역 한국지역난방공사 도슨 SEO ##hs 008 PWM 국산품 으려니 ##암역 서철 에틸 봐야겠 지푸라기 ##마일 ##무야 현성 도독 슬레이트 개인차 헤르츠 mt 게스 꺼질 남우 어문 화우 ##acle 공영제 김보경 유야무야 Source XI 앞산 수사학 black ##폭스 건드린 요리조리 도킹 원유철 금리정책 PvP 김현종 레일리 가진다고 물개 cal 체어맨 가여 도우며 효과음 정사각형 카봇 DCT ##특권 멈춰야 자일리톨 OH 불효 알베르 옴니아 줄넘기 뉴올리언스 연로 조촐 STRO 조석래 ##ky 안내견 납북 ##청소기 buy 박정현 턱관절 진공청소기 루주 패왕 CMI 제초제 터트린 휴비스 대원미디어 조반 황과 뒤섞인 이지영 동부간선도로 ##inh 야행 영외 지서 ##룰루 ##번호 공량 킬링 특대 정규장 ##잣돈 코퍼 EEZ 보신탕 연좌제 도탄 후리 먹여살 파라솔 Player ##면서도 CY CLA 사학자 ##노동기구 넘쳐난다 국제노동기구 ##루트 2070 ##작업 왈왈 호놀 막국수 부딪쳤 앵그리 호놀룰루 ##공론 만치 민석 삼월 청법 트라이앵글 ##INE 봐준 온당 AMI 김하늘 운동부 위촉장 mr 얼릉 나으리 려구요 베트콩 김정현 중앙역 마무리짓 ##active ##cn 위패 모여든 슈로더 엘라스 제이엠 ##가시 ##블던 글렀 발밑 옹립 마친다 파렴치한 꽁짜 분도 super 애액 오광 천과 성북동 페널티킥을 Visual 교조 늘씬 쎄미 쓸까 카르마 콧구멍 ##디나비아 0101 스칸디나비아 순백 강동원 은연중 ##꾸라 석패 연예대상 ##만화 ##어물 ##칼슘 ##티즘 채워서 카페리 판교역 동서남북 social 누각 돼선 방장 산대 상과 984 SiC kwh 동의어 후라이드 Solar ##oma 살레 주신 손병두 순찰대 협심증 낌새 버겁 조코 방독면 서경배 적법성 Carbon ##중지 개략 953 꾸민다 와세다 태워서 HTTP ##태희 국동 사필 아발 알비 들인다 솔저 커드 길러야 성년자 유연제 명동성당 도망칠 약도 차제 한물 우길 지폈 키예프 일그러진 는단 독고 쇼퍼 안소 가스통 진웅섭 어째서인지 두교 체세포 ##모더니즘 포스트모더니즘 문위 혜진 ##피디아 떄문에 산토스 교로 분여 꼬맹이 재입찰 나선다면 NPT 다이묘 이뤄진다는 난파 면류 상훈 질긴 흥얼 돋보일 폭락세 위키피디아 ##방스 원군 제조법 침략자 ##erman 고광 송객 식권 차돌 신석기 이어져온 투리스모 naver 신용협동조합 골방 좌중간 Systems ##멜로 계신가요 음역 찢겨 특진 허균 블레이크 사이드카 광자 ##클레오 권영수 더라구 막내딸 서대전 장지수 ##지배인 잠재울 총지배인 동간 무채 ##ages 오렌지색 ##양양 김전 뒤죽 준대 해자 ##니어스 016 문무일 이재훈 거둬들인 쳐들어오 동덕 아셨 자못 pat 속삭였 옮겨서 스필버그 ##데라 전봉 제실 템플스테이 남일 땡기 류재 중범죄 슈마 ##look 기보단 이해관계인 나직 매킨토시 ##olt 안강 착해 뒤져야 을려는 치료실 ##kt ##지갑 리쉬 속고 스티지 Performance ##씨름 노환 래시 가격표 이율배 망한다는 헤르메스 심형 천방 추웠 ##서관 ##ios 그침 ##okie 김영민 색안경 USIM 계셔 치만 이광구 토스카 구어 통기타 오원 황상 가까워진 자유주의자 에치 왈츠 ##esis 김우성 바이블 온건파 신희 담아낼 미등기 우체통 접근권 계림 조라 글루텐 번역기 하이난 해한다 아양 숨겨둔 영업직 데얀 리기 미충 소제 싹트 욜로 우경 임영록 ##구불 노포 스티렌 Hong Paper ##dy 탄강 DNS 면책특권 ##fit 날림 어눌 상록수 ##해협 개경 도현 송상 윤사 헤리 구례군 남몰래 핵가족 ##법률 근디 선내 양증 감춰진 유승호 Tapering 지를 브로드컴 악세서리 ##균등 벽두 야고 외벌 포악 신세기 카라반 시끌벅적 ##onia 략 감차 기증자 유전자원 요체 ##다닌다 이영자 ##바이러스제 항바이러스제 따라와 ##well 강냉이 겁나게 김태환 프리츠 빵점 쉰다 이름표 Creative 벨류 여잔 이중국 콜로니 넘어섰으며 태평양전쟁 강명 동판 반추 송배 존심 촌지 동네북 경안 놀이방 방송학 탐관오리 양심선언 촌동 973 바지선 ##acter 에스트로 술책 이종호 수도꼭지 엑스박스 돌아간다는 에스트로겐 ##urs 맹장 종의 향남 박태준 숨죽이 지쳐서 ##omo 이춘희 주어져 주의깊 ##pc 미영 숨바 종반 퉁퉁 하안 폴리티 미시간주 프랜시스 ##그먼 ##불통 DHL lcc 까내리 순수익 떨어집니다 ##오름 결절 수몰 노쇠 ##사포 보기 보안원 STRONG 대불 셰이 지신 철산 더들리 소장파 싱크홀 임차권 읽혀 자들 ##스테론 ##imal rem 키엘 equ 설계안 키워왔 ##예과 Kg LTD 마취제 아스파 오른편 전지용 ##페토 팔로 보자기 사카이 의예과 Brent 외견 미망인 1887 Lake 이대목동 Sports ##볼트 ##앗간 긴자 풍차 2160 Circ 이대목동병원 ##Ex ##일률 남천 비상근 시정지 천편일률 state ##담배 OZ 인세 설치류 적분 겨우내 미심쩍 불광 체첸 결정타 보원 원용 무너뜨렸 Field 금욕 오펜 무찌르 연료봉 ##갯짓 ##불견 정초 ##pert 1330 ##불사 ##후이 PJ 지율 ##apt 견습 방충 OPS 바빌론 크렘린 평신도 위한다는 루팡 가다 심영 앞설 예규 이숙 목재업 IDEA blue 콤비네이션 닛폰 순시 씨족 축가 MWh 냉각기 ##프셔 ##향기 ##pro 사요 세곡 장선 무호흡 제페토 ##tha 성충 테란 김소영 라더라 라던지 Thomas ##자살 뻥긋 선술 초성 크릭 생겨난다 멜라닌 르펜 열반 Figure ##감정 희로 006 호위함 Memory ##BR ##aad 라호 티탄 팩션 술렁이 어드레스 ThinQ Hal 유니언 track 영안 자왈 결손금 디텍터 안데르 비닐봉투 제주도지사 카가 후아 김문호 핸들러 석대 ##ateg 새로워진 가회 별건 햅틱 꽃무늬 심사관 정해진다 ##말이 당서 우장 구불구불 광시 찐빵 김미경 1891 ##aha 헤즈 가진다는 옹기종기 ##모빌 이싱 PVP 황재균 이율배반 ᅮᅮᅮ 뿌려서 생면 선부 학구 이발소 콧수염 맹타 지휘권 김평 시민군 스카이라인 빨라진다 아이러브 살코 서슬 연혁 늘린다고 태어난다 ᅩᅩ 어귀 운치 혜지 잠비아 능동형 위수 버립시다 시화호 황정민 모나리자 ##보전 날아와 시대상 Know 평양냉면 선실 세손 세비야 주근깨 하네다 올리고당 곤봉 미워도 민병두 올려진 이바라 정규군 축의금 다녀와서 자개 리야드 만다 불청 ##집중 네게 물집 포에버 Ball 휘장 저해제 형이상학 ᄋᄉ 꾸릴 컴뱃 ##ball 분열증 설리번 양치질 ##nam 에두 Now ##박죽 불온 헤인 GSL 동맹군 CATV 석박 시주 뒤죽박죽 볼셰비키 터보차저 ##ify 계부 껍니다 꼴불견 만델라 실래요 연설자 ##자카 요것 을시 퍼프 피사 수송선 위험천만 ##시키 손안 ##난만 굴릴 어중 Van 끝장내 밝혀낸 유머러스 ##질소 하저 보스톤 지형도 해피콜 받드 후쿠시 하이네켄 박두 푸쉬 미켈란젤로 와사 카잔 책임진 ##분모 오한 촌스럽 공책 세움 파루 나대지 1881 나타났으나 Central ##발진 백야 폭삭 ##iday 포지티브 빨랑 상궁 2031 QQ 아오지 오재일 전천후 Cast 이억 초복 김지수 로지텍 산다면 공통분모 스웨이드 오병 지필 김동수 수사력 ##UCE 빙시 KPI 갖춰졌 불구경 은지원 장아찌 Mobility 임프 편두 적전 0095 Party ##도바 릴리즈 양준혁 진동수 Frank Order ##나카 기려 나모 부랑 왕도 조덕 구부리 북일 돌머리 실정법 아침밥 ##ERI 렸으나 메네스 관개 아량 역출 급발진 실향민 주름살 Aust Driver 누우 등분 샬롯 발끈하 양다리 여름날 정준양 천진난만 낭자 만청 방로 족적 진력 run 노부부 ##소디 계동 det 반가워 인바디 데려다가 카페테리아 진귀 치대 끊어졌 대화면 shop Universe 오종 디엔에이 이상철 ##가공 PHP 모닥 CVD 피카츄 ##ography 옥사 경강선 박석민 천동 피토 TEST 떠보 양의지 뉴로 맹인 기병대 메디케어 발설 로이킴 모닥불 사륜구동 한조 ##ocol 제의했 George ##우라 반비 산부 시언 열애 장조 터짐 ᄋᄋᄋ 기상대 일반의 랩소디 석관 ig 애월 소독약 질렸 여성주의 business 탁사 ##ways fbi 아들놈 쳐다봤 Tesla ##발루 ##살라 Ni 꺼렸 표리 ibm 안내소 1212 서라운드 용화 빨라서 Jo 따분 양장 넘겨서 마이티 파우스트 ##트니크 네크로 밤길 선기 인티 격납고 1780 Forum 스푸트니크 십계 어엿 영악 아크로 역겨움 피시방 Council AOA 따로따로 ##오위 LL 묘연 영덕군 회전수 1240 굽혀 예수회 Ford iron 지켜져야 승모 미개인 일룸 칼집 환란 송도동 Ir 보니 ##ito 즈인 CPC 진행형 소매치기 외판 우투 방이동 ##ori 개벽 미합 Nature 조환 밑단 Jose 실용음악 Child 얏 새발 절취 달라야 애니메 불확실성 사우루스 비애 Iss 근대사 사과나무 이럴수록 카운트다운 니기 댄디 만월 선문 때린다 ##FIX 감일 덤덤 로치 좁쌀 018 시추선 ##ira 장법 저밀 진선 진즉에 출판문화 Exchange 꺼야 ##burg 무직자 쓰시마 치앙마이 ##치드 낙방 바삐 일람 하복 Bon 3750 Zh 오매 오소리 블랙아웃 ##확인 Du 호성 ##brid 이사단 정비창 강남대로 ##르겐 마샬 노래자랑 자유의지 화서 IEE 된단다 잠수부 KJ 구여 변재 탐문 ##6360 기어가 부교수 자갈치 Alliance 수아레스 Ah 도검 성룡 애증 원순 페기 025 야무지 의심증 행해졌 관자 윤관 박치기 약혼자 요한복음 청원경찰 Rating 김다 방패막이 SKIET 복서 전황 ##염치 셀린 직송 FID 관악산 솔잎 주렁 sin 심해진 곱해 유호 전계 청국 원더풀 창간호 슈베르트 Storage 텁 일흔 bpd 마에다 슬러그 에스피 마비노기 아드리아 흘러나온 대심 우빈 파형 합일 ##ench 개구부 경유지 김영남 소매가격 베터 쇼나 이투 사철 영식 가정용 경축사 Style 개법 초강 재발견 나아간다 흐트러지 ##분리 미탈 맞춰질 톱니바퀴 FnGuide 생약 다독이 뒤덮인 쫒아내 학기금 조삼모사 KW 잔돈 서인국 동명이인 얼려 펠릿 황궁 연구가 ##책임 농번 라꼬 한량 배움터 헨더슨 선공 업사이드 괜찬 베로니카 rt 안창 컬트 MCP 거둔다 박희태 고집불통 ##실조 쇼파 MMA 박살난 Vent Vill 소꿉친구 영양실조 ##랏빛 구자열 도쿄대 정몽주 홍콩인 1394 도일 반자 이교도 장탄수 Record 복어 황주 유니레버 ##rie 다용도 개드 동글 점안 그럴만 심층수 연남동 특수선 흩날리 대응조치 ##시도 설로 성단 쇠뇌 ##mann ##정성 ##후보 꾹꾹 ##폴리탄 다니깐 개짓거리 회귀분석 메트로폴리탄 UNI 달맞이 ##DO ##보네 ##덜랜드 OTA 광주역 아돌프 0064 Drop 피톤치드 급할 병점 잊어버린 ##함수 ##노미야 간부급 두더지 무서우 인테르 덥석 전준 메디치 변절자 세탁실 나섰으며 Royal 텔레마케팅 ##WER 군법 만희 양종 평산 몰라보 엘리먼트 ##date dep 급류 본산 찌를 ##한자 영실 지트 토할 계룡시 볼라고 재확인 ##bal Jun 키워라 허버트 ##itect 대동소이 총책임자 짜파 미도리 소매상 지린성 magic 뜨개 발군 숙연 약력 다그치 Stoxx 번잡 뻥치 연아 자색 토프 마그마 융커 Two cod ##오를 칠흑 대연정 동안구 막내아들 짜파게티 ##띠에 경순 내피 식성 크롭 머무른 귀사 보보 지겨운 피부병 ##빈다 고트 낮춤 리토 파랗 ##라박 겨룬 산상 흥아 사르트르 좌판 Step 아우크스 해진다면 아우크스부르크 gc 매길 이보미 1360 ##스름 ##엔스 중태 황건 건더기 파사드 Xbox 주회 까르띠에 ##iri MMS ##당동 ##핸드 제드 지교 anal ##res Ther 입니다만 은거 지켜준 ##소총 결판 물심 진옥 est 도착지 제아무리 어온 욕되 독가스 핸드크림 ##피언 도파민 신대륙 2450 보디가드 새워 이프로 ##스부르크 다와 cop 감독자 JU 데인 지모 백병원 Why 안영수 질식사 프레시안 비국 애무 프링 홍재 기현상 부끄러울 스위스프 차립시다 구면 산봉 삼미 이교 조엘 호건 ##테로 개발청 동급생 이아이 양자암호 메티 신참 afc 구원자 급경사 메구미 삼일절 임은정 평안도 ##entum ##uthor ##이변 지역인 투표일 회의감 효자동 Cool Academ 고감 공임 사개 소록 홍시 어두웠 고려개발 ##다녀 ##rew 단기성 선험 지략 진연 덱스터 흥하 놨더니 일가견 창원공 플레임 0426 무너뜨릴 세운상가 쩜 급분 멀린 물관 청수 기상이변 ##주름 성녀 김태현 박지훈 백운규 장맛비 하루키 글쎄요 박찬구 불어날 완화책 이시스 자양분 1810 대계 외근 lim 살며시 ##lease need 도령 분묘 ##삼공사 LPD 모자르 이병기 ##라나 ##밍고 여물 황민 배수지 연속극 저소음 제이씨 트레버 user VO 살랑 가산금 반자동 정근우 ##참배 강은 니년 망우 화진 BCG 그랬던 내리쬐 bank Family 꿨 경민 현생 김홍규 보다폰 유물론 깟 스털 와치 우다 혼미 브래들리 ##reement ##즉발 일촉 검출기 일촉즉발 과녁 정고 출결 카롤 공격기 기모노 데릭 무왕 씨도 초의 Tablet 진홍 CCS 사마의 재수술 최신작 당연지사 ##꾸기 유러 감성돔 비보이 외화채 ##allenge 아와 허투 ##afer 크레타 랩터 민유 윤부 장태 날아왔 띄우기 주제곡 펼쳐온 혁명군 Edge ##도생 건모 리쿠 사온 댜오위 이준기 댜오위다오 도드라 ##eting ##플라 건면 의롭 해삼 ##드리아 양승조 업원 창제 텐가 특질 나군 동하 발수 콘티 박나래 웬만큼 중추원 신사참배 결박 영치 하재 이호준 피터슨 ᄎᄎ 부을 경험자 손사래 0036 최장기간 한미은행 늦춘 터부 잠실역 황금색 그쳤으며 ##yes 뉘우 디안 엔데 흠잡 보닛 장산 탐나 할당량 vc 마노 Gard 화성산업 맹추 쇼맨 지편 백의종 조쉬 에르난 스티븐스 사몰 메디아 ##이율 애호박 워싱턴주 꿍꿍 리엘 묘기 구태여 죽일려고 했었으나 누차 떼돈 무량 벙벙 989 속앓이 옷걸이 ##ancer 임파서블 경채 베다 해보인다 영계 카발 ##깃거리 GCC 로마자 배출구 연료유 사실주의 무분규 Assist 교비 통속 상행선 허가서 ##SQL 김칫 이눔 쳐가 해미 보라카이 넘볼 문래동 반환점 현상학 Emer 카포 정착지 채찍질 리큐 성미 뒷날 유러피언 ##윳돈 쇼쇼 혈육 Yes 노르망 여윳돈 기울어지 아멜 ##본색원 엎드리 푸르밀 ##음사 개띠 뎃글 척당 CTS ##yrics ##느릿 ##상종 ##성경 윤규 일만 풀풀 마도카 분쇄기 이순재 ##손님 리미 오십 옥토 천착 발본색원 팠 ND 문두 KAL snow thaad 갱단 밑줄 BAS Kit 글래머 SUHD hand size 라로 매인 생신 양단 차임 봤으니 합쳐야 ##겨우 비책 음량 후단 는가요 매김 제적 치뤘 051 나오토 soph 잽이 취조 문외한 알려질 각자도생 열렸으며 잖습니까 ##마나 문승 임명권자 무좀 외려 하난 정통성 날아오르 땡땡 안시성 1390 ##ologies 군침 기뢰 서역 우제 토치 정지선 지어도 초상권 내안 민음사 링클 멍한 견뎌야 문학가 하진 허지 호되 ##oke 김황 다선 수르 높여갈 집어들 ##말랑 ##뜨려야 신당동 헌혈증 농번기 휴지통 Macro 상신 지어내 말랑말랑 Return 효고 들여보내 ##Ch 김학범 아껴서 생겼으니 덕진 사증 초시 Supply ##uld 삐삐 헐떡 호쿠 센다이 식품위생 ##서면 거상 나방 사커 은우 MCM 줄여줄 RR 딤섬 화났 갈고리 수정란 휘저 광장동 ##참모본부 유유상종 베이스캠프 루루 예심 좌편 ##irit 안사 점찍 정왕 참말 RTS 국경일 ##eyond 갈릴레오 절치부심 direct ##갑다 ##꼭질 숨바꼭질 측방 헤드샷 치켜세우 강장 허쉬 으신가 없인 재지 적의 ##짐승 라모 버벅 친했 법학자 하숙집 신용정보 ##전능 DU 요량 두드러져 ##만만 풍납 쫓아오 will 저공 부풀린 전지전능 ##YA ##상어 ##처녀 ##타마 ##urt 농아 참선 향락 경비실 나오미 대전역 ##urance 직거래장 몇일 Luc 박재범 바꾼다고 루원 퀴가 BEV 루원시티 스스럼없이 ##계열 ##세유 ##파인 네코 해류 ##두기 Om 솜털 수실 재출 나르샤 불국사 mkbae ##우면 나레이션 ##ishing 들개 063 장애아 방시 bbq 이노우에 Basis 광통 부칠 한티 종잣돈 최북단 보고대회 신애 옥산 윤일 머릿결 금이 무니 아란 철사 디케이 프로방스 ##빙글 공력 남권 재목 퓨마 ##콘드리아 ##득실 ##엄마 브렛 선급금 계몽주의 미토콘드리아 ##뭉치 mi 민란 DSP 헤이룽 ##치킨 배때 브릴 빙고 서용 최재성 득달 모용 인즈 진항 든다며 북적였 비속어 오카다 촉진제 홍삼정 1340 마시멜로 함박웃음 빙글빙글 ##팔매 대퇴 멍게 출조 Fem 낙제점 유준상 팍스넷 산비 잇세 해공 가려야 쌓인다 그럴싸한 시리우스 플랑크톤 ##struction 봉강 차동 티니 김용철 지켜낼 화산재 고역 텐진 매운탕 베르그 QT 광무 스콘 데프콘 물러선 추어탕 mint ᄁ가 강공 교가 에퀴 진종 전초전 백의종군 홀로코스트 ##전동 가름 다닥다닥 지척 보일까 signal ##령부 장독 fps 김정수 이라니 0012 고금 천불 라이카 부러웠 녹색연합 스팬 최중 저쩌구 ##러울 무반 ##etic 세련되 신기루 선창 세방 우엉 일소 합칠 돌팔매 이성태 득실득실 Angel 뒈질 캐니 걸터앉 윤도현 삥땅 에니 보험증 이시카와 이어져야 ##IE ##동성 ks 방탕 전항 제당 현감 화명 산토리 ##감자 ##뇌동 EW 권재 바크 빼들 세츠 소증 몰딩 쪼잔 제이티 감자튀김 개털 맥스웰 푸석 홧김 뻐꾸기 3250 부화뇌동 ##LY 고혹 팜유 메드베 시부야 편두통 Dual 남군 접선 009 김재홍 로보트 톨루엔 상우 서측 주면 토악 exp 교수법 못할까 심호흡 봉작 철종 불복종 1670 어지러움 클라우스 리페 밀물 설국 암암리 여야만 전환율 해봐야 뛰어내려 클라이맥스 ##살인 석식 진법 강만수 개런티 광대뼈 사생아 수령자 뉴스거리 순간이동 탁상공론 합동참모본부 ##빠지 장날 다이브 사사키 안다며 윤부근 파고다 ##yj 선견 슈워 시월 European dg 뇌성 인임 층위 MAC 영상미 학점제 폐로 FOR ##verse ##NB 단대 웰치 축척 화장장 ##사카 바꿈 재분 태림 잿더미 청해진 ##변수 장금 영양군 람다 역무 ##테이토 할로겐 리카르도 공사관 fair 015760 고두 국해 티르 Soul 꼼짝없이 ##사와 창자 윤이상 자금줄 행정가 Jean Interface 웨폰 의령군 조경태 Customer ##나서 박과 식판 정단 통도사 차례차례 ##마치 ##미나 티엠 Lou 노이드 정유미 1875 속절없이 개코 눌리 학익 몰염치 퇴적물 둥그 삐리 Weekly ##보다 기브 로랑 우중 윤서 지져 다비치 대쉬 절강 추울 doc 농구장 ##ensus ##던데 ##DPA 꼬였 분재 모아진 ##보낸 숙적 후식 ##노스케 TOE 번스타인 고저 쪽수 화개 권양숙 델파이 코웃음 파묻혀 격년 테이터 휘트니 지호 불만족 ##코프스키 라이언스 ##현준 착상 신혼집 몰의 포어 검문소 고쳐서 디파이 코뿔소 SDGs 아방가르드 ##팩스 소우 인가라는 Dance hr 워홀 일천 썹 jh 가산동 가해야 미적분 ##저쩌 보어 연길 갖춘다 ##apter 녹즙 소담 순연 정양 창비 GIC 느껴서 쾌적성 ##암면 꿰매 병조 앞발 걷어가 목말라 Self 감광 젓국 보상법 없앤다 연산자 점쳐졌 People PQ 강시 미공 혜인 그랬었 일궈냈 ##극상 회의체 외길 SNG 보여라 덕지덕지 밝혀져야 프란시스 새집 울궈 타악기 피어스 북인 BTX 타이젠 ##여성 머슬 엘사 김영수 송배전 1620 based ##PAN 공화정 ##비닐 정결 신경증 명찰 지번 체취 킨들 거들먹 배틀로 세이부 증기관 창경궁 1874 고침 위락 FCF 객관화 투표수 벡스 서생 TCP sym 가벼움 쳐죽일 ##귀정 상옥 ##irls 나아간 드보 알량 ##디푸스 Scr 못했었 주형환 동떨어져 오이디푸스 몬티 송화 큰형 목초지 문지기 세포주 소환제 애지중지 화포 뒤져서 헤비급 가형 ##일렉트로 비거주자 Captive ##분열 루아 다한다 최진실 교명 몽니 특금 조영남 ##미인 푸켓 황천 김은경 농민군 ##ework 보낸다는 ##세키 차역 승조원 애니멀 흔들린 기사회생 구종 베푼 역장 김성진 ny 원추 율리 시누이 곤두박질치 Foundation 가품 몽상 문아 조천 ##Book KCB 밀린다 Walk 쥐약 ##철주야 ##ting 고질병 들여올 으니라구 선군 큰딸 전용량 흡수율 교원그룹 ##일렉트로닉스 대질 ##조약 Pw 까자 ##mark 김병만 단세포 동의대 쇼박스 저학력 동고동락 취합니다 관병 티백 중등학교 ##attery ##모양 병법 푸근 후쿠이 know 불철주야 CW ##용차로 페어웨이 다습 버스전 조나라 버스전용차로 당금 본떠 초혼 호골 환지 늘어난다고 남해고속도로 껄껄 안태 홈스 너그러 물소리 손전등 에어로빅 ##스프 극기 단하 양덕 질색 둘러대 광림 생원 사냥감 달아오른 메드베데 행궁 놓아두 주둔지 명일 캐롯 COS 망설여 트리셰 ##또박 ##추장 ko 열나 외풍 필패 동지점 또박또박 무원 BTL 그래퍼 기관포 바리새 부산진 정후 사필귀정 오릅니다 너흰 ##rypt 상지대 ##맹랑 옥자 구기자 리시버 허무맹랑 맨몸 ##fig Ps 웃겼 행했 임태훈 예정이율 흘러나온다 양명 쿄코 KMI 작아졌 플라스마 설렌 오데 금융인 서글픈 손아섭 전용차 지녀야 소비문화 아슈 에델 이뇨 012 연건 키사 AMP 새우젓 우경화 한정식 1270 파송 Mur 김창수 무덤덤 알리바이 혜정 LFP 순환기 아비바 ##VIDIA Refin 눈코 태사 ##icon 프랑스와 교서 ##페리아 가드레일 배서 징하 화구 공시가 비상벨 사회상 LINC 라타 ##세이돈 정몽규 ##oor 가누 듬직 ##흡연자 ##ries 핫바지 포세이돈 개자 연경 유강 가시밭 경범죄 비흡연자 기탁금 버틀러 총인구 포테이토 Telegram 래나 송민 추천인 Speed 설설 송해 슈피 우둔 치노 플릭 돌려준 무법자 포미닛 표준형 Martin 군가 불요 성불 우메 하행 도박장 볼로냐 라이베리아 택견 총수익 급액 SPI 반해서 봉사료 그룹웨어 바타 ##페스토 ing 비구니 ##paper dist ##스킹 ##탈출 네브 ##몬스터 ##phone 나타냈으나 Electronic 갑천 멍에 괴로웠 단원구 위탁자 전자지갑 ##Cl 가십 혼입 ##태스킹 안성기 ##투족 아싸 teu 담뱃세 식목일 코라오 ##수일투족 Tool 멀티태스킹 일거수일투족 ##야금 꽃놀이 한미정 동내 목살 닭강정 리엄 실의 ##quid 전장용 매니페스토 유덕 퉁명 김낙수 아사다 1115 선왕 이희호 정보지 일반의약품 ##북동 거구 달장 개드립 기다란 Aa 선발대 흘린다 경인일보 ##전설 VG 역투 적설 직언 레이나 우중간 이종범 1789 케미스트리 ##스톱 해간 클라리넷 홈스테이 도프 ##self 방위력 버려도 보랏빛 촉탁 원고지 poly 갯바위 김영우 홍진영 ##ident 가져다가 근세 빈정 연과 타켓 탁주 MSG 파열음 야금야금 ##준영 진명 위너스 최남단 특례시 레위 물릴 욕장 성태윤 암송 042 이민국 싱겁 염가 ##테이트 WRC 김현중 연출력 Union 급료 더케 상대식 행정심판 ##뢰즈 경방 야정 요세 인동 입법안 자치제 끌어내린 카리브해 무치 화영 서울구치소 건졌 견훤 타협안 엑스페리아 ##주렁 길렀 속행 앙도 자애 하극상 들려온다 팔려나갔 반가움 겨우겨우 내려온다 이뤄지길 ##요한 시이 호안 code 모래사장 ##솥밥 oo 장렬 드레이크 래야 미구 슈리 디지텍 레너드 한솥밥 살찐 완투 죄자 회담장 서비 VAT 김효주 내다팔 메들리 ##light 래빗 복현 염주 개싸움 고음질 이창동 주렁주렁 stand 광도 오대산 1420 프리보드 거목 꼬랑 동춘 레파 변용 연리 경보기 논스톱 와이디 yoon Phase ##디난 시냇 심규 커비 키요 통이 파피 교학사 드러남 여진족 추운데 ##혜경 감쪽 찬가 무사시 의문사 ##재킷 ##줄지 Et 영준 오곡 윤계 최운 논리학 던져야 지니어스 박훈 뒷바퀴 발생지 이성희 차려진 한달전 일리노이주 ##란지 김종대 최치원 ##나치 표집 렀다고 마쓰시타 ##레온 항주 ##over CPS 김종호 센트리 나섬 능멸 세유 열불 조위 파오 벚나무 시만 김준수 숨쉬기 열람실 풍수지 양털 한센병 노사정위 줄어든다고 애런 국기원 anchor 김생 비슨 Made 대장장이 갈린 광덕 Blu 아카네 ##더리 봉승 성준 036 훈련병 텔레포트 해야겠다 유코 티크 속여서 수형자 헤어져 사피엔스 factor 절곡 041 끝날지 대변자 운동사 직업병 고발인 마니커 마산시 폭력배 홈런포 IEEE ##ogn 멘델 보필 헬프 황하 단축키 솟구치 ##포타 의무감 VIEW city 인조잔디 ##오모 권면 디모 상진 ##heel 브라우니 ##융자 단짝 사회인 느릿느릿 ##va 휘어잡 노사모 Wood Panel 끝맺 수스 양아 피클 개원식 판매대 드루이드 제일주의 Times ##슈얼 권좌 성창 오주 김윤식 반비례 작살나 여차하면 비아냥거리 Charles 캇 근정 르망 ##에이지 포도상 피선거 만든다면 ##LT 아키토 옴니버스 Silver 도국 밖엔 브렐 적지 태민 회한 개혁파 아우를 원료비 할당제 핵분열 빠빠 불가리 더글라스 무교 소협 포체 반대론 북반구 시선집중 샤브 적산 출수 귀고리 이학수 장재원 IATA 명의자 섹슈얼 카프카 타이타닉 흔들린다 댐퍼 털려 허문 깡그리 키워온 발로 관용차 봉천동 대룡 Pur 카타르시스 마님 김동진 여상규 정책공 prot ##WE 견문 극자 슈투 종회 LAB api 무진장 ##줄기세포 풍수지리 면소 SAM 김남주 만드신 발레리 예뻐서 티켓몬스터 아뇨 계룡산 그럴싸하 목메 인게 종석 고정식 조선어 ##초롱 ll 어망 처량 HER 갈비탕 납골당 편집기 공업용수 할리데이 나훈 닭장 석동 Mic 브리튼 열기구 뒤집어씌우 Beauty ##버드 작센 점보 ##파고스 nba 고모부 스털링 노르망디 배아줄기세포 로되 쉼표 호쾌 Sym 리오스 몽고메리 세로토닌 상념 LOL 한총련 샤시 실측 아랫부분 Richard 순풍 ##글러브 피선거권 골든글러브 ca 파슨 헐값 아이스링크 명숙 찍찍 동치미 복사본 암매장 클리너 륵 과체 카린 꿈틀대 잊혀져 헛짓 제닉 칙령 가덕도 가든파이브 곤약 재간 캐드 ##가르트 유키오 위계질서 소절 외기 화요 TPS 생길지 포트리스 수애 거푸집 창업비 헌병대 센치 타이포 2079 Mont plus ##교도소 설경구 문인협회 ##버라 Ko 항속 황각 ##ffee ##ocr BF 김회 두환 품청 Who 앨버트 ##포타미아 cash 메소포타미아 ##ema 각설 배란 북벌 처소 아무쪼록 은행주의 ##어기 시냅 nsc 김황식 나무랄 리턴즈 부서져 신경통 유우키 청송군 물총 게리온 케스 발행자 AIDS SMIC 노동관계 Broad 눈금 본딩 원봉 창씨 박남춘 뒤척 사뿐 촌락 물속 줬으며 구야 사또 권리락 경기일보 초등학교 동속 염라 SPP 정률 참돔 낼려고 냈으면 수입금 쏴도 연부 Alt 남겨야 내다본 오마주 이상향 제다이 관록 최훈 콕콕 더스틴 전해철 차가워 Muse 들락거리 널린 사이토카인 홀딱 휘슬 대국인 발전자 진저리 쿼터백 ZERO ##hy ##라운 ##vis 벌교 혜민 지친다 초소형 ##혜련 누아 원씨 피디아 ##정보회사 술년 NDR 김영준 김지훈 장동민 젖가슴 트레저 Think ##잘것 민준 행과 MSN 결혼정보회사 ##한당 TX 이개 켄지 물리친 이어링 ##치열 치지 파자마 타슈 가팔랐 체로키 건평 쿵푸 ##증권금융 학부모회 Culture 건질 RBA 무력시위 한국증권금융 독스 백반 여죄 헤밍 라이저 옹호자 침출수 강금 베나 순상 의서 총부 ##그래프 홈쇼핑 method 입헌 몰지각 쇼콜라 시세이도 크루그먼 HSDPA 루디 캣츠 Sony 원우 시냅스 ##너리 ba 딱한 박혀서 피부암 의기양양 글단 빈국 INT 모래시계 바꾼다는 별동 재와 천기 후벼 이재갑 ##하게 ##oid 레게 연납 지투 ##노동성 Tod 변환기 이영표 후생노동성 ##특허 따리 리빌 생이 전비 강지환 물러난다 들켰 이물 Spe 고소영 스칼라 조전 안정기 ##공명영상 기다려온 따른다는 자기공명영상 ##대부 얼짱 ##로오스 1878 삐뚤어진 각선미 붙여야 련주 발파 비디 왕왕 과민성 Portfolio 길라 헤븐 GUI 상식선 커티스 브리즈번 비제 후일담 ##board 남아시아 꿈꿀 독립국 전동기 cover 음부 체화 목마른 아닌감 도고 럼블 폭약 대양주 성취도 이럴까 뉴클레오 알칸 연등 개죽음 건어물 가나가와 면봉 박관 투증 먹혀들 버릴까 중년층 1560 ##이츠 번듯 업도 짜집 득점력 방앗간 zero 사타구니 ##날락 ##테라 근엄 반정 지새 ##마르크 다가선 이수자 집짓기 1540 난망 컬러풀 ##ength 췄 물뽕 서하 응변 존칭 ##이글스 EDM 들락날락 팔상 ##트로피 lib 그라인 미니멀 이마니 지방시 집시법 고고학자 전매특허 철교 향초 대장간 객관식 기뻐할 다당제 배틀로얄 고쿠 누전 박력 보초 미니애 미니애폴리스 FG Local 현도 산하이 잘라라 지급금 night ##미야 나면 선법 청학 음악상 이강원 이준호 트로츠키 ##ashion 입법화 1566 ##gs ##벨스 에이디 상호주의 희로애락 채상 한예 014 구로동 따라선 진라면 케이시 left 무쇠 배두 ext 이문세 하루코 단발머리 협성 ##itan WCC 김영권 십이지 ##ds 마작 메로 이존 SME 내각부 마산회원 빗길 중리 ISU 다잖아 재향군인 하늘나라 미산 빛날 정죄 슈뢰더 줄여도 곽정 김방 만해 ##레인저 더운데 바이더 한겨례 카우보이 부끄러워서 ##피드 꾸벅 뒷맛 본뜬 온나 친해졌 Travel ##mar 홍범 ##그리스 반가웠 게일 승희 호동 ##kwon 신탁업 내려진다 부용 Trend ##ISE 굿판 일풍 아랫배 버건 스타드 이성민 즐겨라 동창리 타이드 Earth ##고은 ##비에 Ra 금선 호객 만이 언동 캐러 늘려왔 마라도나 엔트로피 ##어촌 손호 습진 츠나 ##라이너 FSC 초인종 image 본기 요철 뒤안 웹캠 드리스 ##istry 내팽개치 oacute ##죽지 선복 폐합 CAM 노인정 농산어촌 IK 루서 위고 촉망 TSP 박선영 예금주 의사회 이스트소프트 범양 들뢰즈 fact 돌려준다 좌우명 ##샤브 ##aya 남조 캥기 고꾸라 성동일 ##세움 맛난 망루 신검 우규 Han 상공부 아웅산 우월감 2049 함석 겁난다 김수로 박정환 이범호 서울랜드 매디슨 병충해 넓적 웬수 짠하 형조 반감기 갈라파고스 부정확 brbr ihealth ##증명 ᅢ끼 말지 우퍼 하퍼 KST 나지막 운전수 데스노트 ##소비 ##팔구 브랜든 스티치 장부가 울릴 저부 혜경궁 1530 Fore Dog PwC 배때지 이겨냈 재향군인회 큐라 애덤스 트레드 ##잡배 ##트려 TJ 렴구 봉천 하측 Aud FAN SGA 상당구 염기훈 만병통치 한다던데 비피 나눠야 노스케 ##결핵 ##스님 WK 도올 무광 루프트 칸타타 루프트한자 링링 홍라 뒤처진 Need ##도치 ##조화 재검사 시정잡배 어긋난다는 management ##래시 영단 민족사 중원구 pcr 내디딘 ##동사 박보영 심원 스네이크 ##시안 쌍수 황모 가경 롱런 십중 이휘 콘스 호퍼 two 김규식 ##ollar Front Contin NVIDIA 명란 민은 빗줄기 물어봐라 ##단결 ##너티브 박수현 찌른다 ##방송공사 나섭니다 얼터너티브 Friend ##지붕 녹아 동현 성구 유레 ##elle 닭다리 데이비 수년전 장로교회 public ##양난 러그 허긴 ##ogen 가분 후신 ##OSPI 국립극장 쌈짓 SBR 맙니다 머레이 아고라 미니멀리즘 ##루야 ##지둥 육관 사학재단 진퇴양난 IX 행신 뒤엉켜 증오심 ##asure JY 간석 신상훈 이시영 정성호 Medic 문패 역작 ent 억제력 십중팔구 허둥지둥 석이 왕년 요시코 헤르만 난폭운전 나훈아 쌈짓돈 재봉틀 네바다주 오버추어 벗어 유작 mov 날갯짓 출생지 Smith 분회 전력선 ##립스 어줍 오합 가나다 고린도 달려서 1861 기척 우암 스타덤 이구동성 ##먹이 ##언니 ##에서 건조물 도로시 미유키 미합중국 이릅니다 가쿠 아랫도리 엘란트라 카멜레온 끝단 냉온 는냐 송일 주법 코언 발가벗 백사장 황각규 kV 안암 백선엽 ##ittee 단골손님 고슴 신불 여승 재창 스매시 정복자 모른다면 무서운지 어깨동무 ##ced 마토 보송 행락 현석 격려사 꾸려졌 DDoS Stev 고슴도치 손지 신행 ##ences ##ological ns 난전 비언 영분 쟁기 통채 Neo 다이내믹스 이루어진다는 ##룡해 Ng 돌돌 ##스코프 리볼버 ##ido 1790 류허 홀덤 리퍼트 최룡해 한지라 홍석현 start 암산 조태 흠모 공보관 대좌 송탄 혼종 AUO 파울로 Text 레논 빼낸 아누 깍두기 모욕감 부호화 회계학 지박 ##상회담 끄레기 배상문 공동대책 북녘 야속 계약법 박성택 낙동 난연 너른 대공포 1410 Rain ##휴업 초량 오리고기 압제 필진 렌디 거머리 출고량 나상 늦췄 유암 동양화 전투복 ##SC 뜨리 민규 발한 별수 혜영 ##iven 내릴지 시뻘건 흘러도 개점휴업 급행열차 한미정상회담 차면 추력 054 Job 청교도 끌어모아 평안남도 ##중근 놨던 레밍 칠면 호선 브루어 0967 알려줘야 달궈 학성 ##플레잉 지느러미 알렉산드로스 렀을 민권 얄미 우윤 ##쏘시개 문화전 ##굵직 금채 마즈 갑니까 지켜질 굵직굵직 롤플레잉 암행어사 single 목감 전의 침낭 파정 토종닭 물어봐야 레일바이크 Golden 소현 참호 ##pons 최민수 개서 민방 상순 쓰려 유홍 고용원 동구권 주문서 Comment 마슈 불쏘시개 샤브샤브 에스테르 ##artment ##누엘 위작 의열 ##ston Bra ##고금 합섬 허그 cut 다리미 ##뎅이 ##르담 사창 석주 심뇌 항운 느와르 care 매카트니 ##특급 ##PCO 경운기 블루홀 에스더 잡지사 수국 음봉 증과 올라탔 정맥류 Deal 고입 얼씨 외입 알짜배기 곡류 규점 리벤 학실 해댔 ##부영 운도 단결정 미즈노 서라벌 울산항 이해진 몬드 세바스 양육권 화학공업 ##펌프 백골 시알 쌍두 장민 ##ette 대참사 셰퍼드 알마티 노트르담 ##MM ##나시 개질 변사 수막 ##잘것없 고착화 들어앉 밥집 괴벨스 김학균 1879 ##타카 ##reg 김장훈 롱비치 ##설주 급해 내모 원체 칩거 Cos 이세상 직할시 ##나트 ##리움 이쯤 났으며 베타테 쉐어링 안드레아스 cv 노어 배방 좀체 달했으나 앞세워서 뽐낼 버텨야 이민법 마르세유 무라야마 살얼음판 뉴햄 행이 뒤안길 따라왔 현악기 0010 뉴햄프셔 program 나바 산인 남이섬 농기구 마키아 만주국 장기수 발버둥치 설가 울루 뒷담화 쓸어내 ##고랑 녹슬 더러움 알바로 특수전 ##ocation ##드문 나연 산증 탈색 김종서 생리통 1770 COFIX ##cs 나혜 묵비 석영 센토 쉴러 제호 청록 담긴다 부르르 분식집 사냥터 서러움 Contents ##조세 꺾여 온산 찔린 현과 내로라 원자핵 들어와야 음수 장종 흉상 감독청 주무시 흉부외과 award 금의 석문 유복 태음 불사조 살균기 파이어폭스 ##노현 덴티 카불 ECU 다가설 바인더 ##건물 기림 겹쳐지 대종상 한다던가 ##굽신 ##소개 용상 무채색 욕심내 주다 개찰구 국수집 한의원 신식 ##star 김선영 thebell ##사촌 놔둘 싹수 초짜 탐닉 ##ijun 이규창 ##버니 볼커 군악대 코딱지 1661 각개 리요 DID 김칫국 약수터 정은아 졸졸 주산 관람석 대점 향로 무역항 캐롤라 포용력 1660 ##사회 ##ige 말경 ##ried OSP 몸서리 벽난로 굽신굽신 ##PAC 대행자 KIEP soft 틀어박혀 졋네 조재현 ##onomy 한솔케미칼 Valley 라이프사이클 ut 생과일 NAHB NATE 하이파이 한국교육 금원 시엘 한광 험로 제네랄 초특급 해적단 현역병 내려보내 sophis 몸길이 홍진호 페이스트 ##dc 따갑 부케 타액 졌어요 푸대접 name 신양 아종 저혈 스캐닝 땐데 붉혔 파브 파쇼 이상현 동후 Cit 웃겨서 작사가 peak 세중 신미 치진 관통력 디에프 배양액 끓어오르 밀어붙인 속주 빠뜨릴 ##angse 모반 체수 019 UMC 로프트 송영무 금장 신포 안모 야하 최주 플릿 ##cher nam 분석법 이재호 특금법 Robot ##hee 요놈 직수출 파슨스 ##따구 동차 안덕 1720 한라그룹 Finance ##북치 ##뉴기니 소양강 엄청날 전희경 만신창이 Cisco ##hai 에스퍼 Bell REDUCE 견의 부군 식객 캠퍼 호른 김병원 조영제 카오루 탑승권 제너레이션 ##애굽 ##통합 망사 그레그 주나라 이어졌으며 ##타라 건우 열공 case 게이트볼 퍼져나갔 마흐 로터스 ##uting 상상마당 ##골이 분가 설법 어피 파먹 대장동 사시미 학술원 MARK 장땡 항동 김병현 마가렛 요구량 으려던 석궁 이예 잡범 측벽 ##렐루야 나설지 다워야 모집단 초콜렛 프리스트 ##터슨 얼추 ##라미수 ##rich 일언반구 티라미수 환경일보 겸해 파레 혈증 ##iber Bul 삼각대 썼으며 Anti KV 마교 일급 MSL 공회전 쓰라린 엇갈릴 올가미 화곡동 ##rs ##락스 ##면제 알음 퇴로 아칸소 출애굽 1370 ##립자 ##행전 적벽 보조원 일정표 식민주의 남악 볼품 털린 asf 라네요 박신혜 원위치 이강인 1580 당뇨병성 ##eto 누렇 원일 ##rict Maj 곡명 방갈 정애 해택 네오플 드문드문 법화 성철 양품 교습소 노여움 득표자 훼미리마트 034220 ##MAX 들것 공로자 서양화 유흥가 Russ 사마리아 ##제일 공속 영민 청어 대장경 물으며 티아이 프루프 아트리움 ##만큼 ##lev 사유서 벌릴 오유 팽개치 1863 LPDDR 박박 침통 MSO 들기름 불량배 실비아 하지메 ##은영 시집가 ##다구 라브 외눈 콘트라 땅속 문태 우레 대극장 선동가 오티스 1520 너그러운 갱수 본서 화생 수공업 성만 아류 오윤 캐물 설레임 영락없 활성탄 염정 김홍도 내리치 떠올린 호관 center ##헌터 비터 손석 여선 퍼드 ##leg 걸려야 증류주 미끄러운 라엘 예성 컬투 테팔 은가요 jinx DHA Den 슈투트 3020 3050 라면서요 Asian 슈투트가르트 ##간호 싱에 용목 작품집 ##ponse 1011 몰아붙였 ##LI ##툭튀 팀킬 훨훨 당했으며 트레이스 개인서비스 청암 PTC 판매비 드골 루보 북청 쇼킹 평가손 ##oring 분무 여진구 ##지주 근질 세마 ESI 그까짓 소조 투톤 라일리 이동경 장원준 감겨 식자 조어 라마단 core Movie 현선 전원책 영등포역 ##가역 관권 존망 천생 카를로 ##zh ##따나 핑이 Cert 기관지염 인종주의 Study 다회 송악 총론 리버티 명목상 포위망 보냅시다 찾아봐도 감호 사견 상일동 ##onder 1872 내린다는 태환 DES 걸릴지 뒷북치 압수물 지성사 아이에프 코더 응집력 저수율 코골이 Bear 동원개발 베르사유 ##운영 ACT 갑툭튀 김경민 따져도 연기파 명의신탁 파이넥스 도연 박무 용강 이상우 klpga ##essional ##구마 ##궤양 ##블레 더원 조호 ##rary 수화물 위궤양 이동수 음악중심 ##nguide Check Force 아이비리그 ##스턴스 fre 봉은사 가니 디노 비사 ##사이징 ##ffer hdc 그치만 이정수 구조주의 party 문용 은주 PBS 고령군 로마서 속상해 줄라고 시켰으나 다운사이징 투타 ESL 접지력 광수 병비 샤또 호야 동서고금 ##지시 메르시 인접국 휴식처 데려와서 ##men 폭거 개통식 ##무르 ##사지 금곡 분리대 에일리언 Magic ##달콩 포사 DSC Hit 전원생활 Bridge 알콩 지효 RAW 애니콜 코카인 1118 알콩달콩 ##Net 모락 스핑 구충제 방백 번스 종놈 ECO 무릉 타단 패류 kdi 여성미 1867 사도행전 왼손잡이 갱생 서래 시학 WIN 지표면 BX 도니 마조 북침 저돌 채희 밀어붙일 스페셜포스 ##부츠 ##지아 ##서구 시납 도매업 추워서 Brit 호남고속철도 씸 재도 어윤대 멜라니아 군마 레노 위판 정다 활달 반투명 어야지요 ##asa 네로 맹금 서둘렀 text Lyrics 배째 gen job 세포막 프란체 0328 030200 차사 ice 김여사 방역망 근태 녹번 포개 방관자 0904 소만 겠다며 ##케스 ##med 관수 따귀 정반 nct jinxijun 대려 보현 싱하 Phot ##산맥 노먼 자야 집정관 용천 재방 ##리크스 김용구 생매장 아모텍 이성규 ##의료 고연 ᅳᅳᄏ 패터슨 포카리 나원 능감 대함 마추 리어스 싱글벙 컸으며 1430 겨드랑이 뒤따른다 욕지거리 흐트러진 Break SY 연원 창수 ##미니엄 박홍근 콘도미니엄 ##IDX 격감 ktb 미화원 엘리시 공명선거 트뤼 구현모 대궐 린트 CHA 유카리 제주은행 ##티엄 심교 예복 차음 ##ploy 깨우쳐 빨라져 쓰러진다 크로노스 ##혜숙 주청 Pos 대용식 1112 1873 가학 신궁 스테파 요동쳤 중간광고 신판 COE 와사비 입버릇 카르멘 엑슨모빌 Pi 빠이 살로 새롬 오펠 보아오 제라드 과학기술정책 각론 동락 라요 CIB 병역면제 믄서 백령 야광 왕산 돌려라 자만심 make Toyota ##우산 무디 현가 파푸아뉴기니 상춘 탁아 Bull 초강대국 ##티움 Ut 리셀 중죄 곰돌이 온도계 유병재 두려울 드라고 물어본다 지나다니 남노 상행 샤이닝 드릴께요 대척 되갚 집전 금나라 팔려서 펜티엄 Image green ##극단 셔리 칼칼 학보 마음놓 전여옥 1005 돌아갑니다 둔산 증장 특경 관광부 커다랗 특별세 자아실현 009540 몸짱 서던 skt 대들보 오합지 녹산 삼부 이본 진회 천계 한금 DRM 인후통 출장비 헤이룽장 현실주의 ##징가 lt 생로 금붕어 김환기 문성근 분풀이 원양어 삼척동자 눈멀 드높이 질까봐 띄어쓰기 논외 미방 뒤집혀 두려워할 위키리크스 김필 봄비 사산 우규민 이스턴 ##고불 메지 박서준 오달수 가메 숙대 서정진 부토 062 gps 공제금 담금질 아이이 조롱거리 호킹 김경호 막노동 재임용 허정무 가시거리 길들여진 경북대병원 농기 홍인 ##ract ##EI 누마 원영 축대 고정부 구월동 김옥균 대장금 KEDO 소선거구 늦춰졌 셀레늄 아고다 황의조 일산서구 ##하복 관변 넘실 슈만 제육 쫄딱 호피 경원선 비잔틴 연결망 월급제 정은보 1570 클라이너 금시 비계 천향 굽이 계급장 내지르 만안구 국어사전 대디 와전 짓궂 커야 표장 ##atus Doc 도스토 ##quest Chang 거덩 현질 ##파트라 수재민 관훈 용유 넘쳐났 클레오파트라 굶겨 외다 환사 Hon she 박병석 사마천 양성소 성수대교 싱글벙글 ##체온 블래 사그 가담자 상명하복 ##규정 QV 기현 우고 ##글랜드 관해선 동부산 최인호 강제노동 무통 포신 해와 저체온 한민수 2560 가시밭길 이라던가 니오 단문 류자 재할인 플럭스 아닌데요 정학 타종 푸치 뒷거래 들어차 일본은행 006400 ##데일 ##평면 광파 뉴잉 바카 사헌 성성 환청 ##비우스 Rig cfo 북극해 시식회 서석 엄기 쭈쭈 페도 마따나 파밀리 ##깎이 앙숙 주수 첩첩 토인 니타스 완산구 제이준 카스티 조유 INS 반역죄 ##콜콜 나두 셰리 에어쇼 청년단 떨려 ##트랙션 승부사 이수만 척추관 시시콜콜 어트랙션 아이라이너 pi 가채 영기 주호 JDC VOA 김용진 롬바르 조응천 훈련생 ##aling 1630 2580 미끄러졌 봉변 순면 최애 호무 김은정 대기업 모여드 미상환 삼각주 0326 ##요환 ##칼튼 ##aud 채드 가자미 보급품 되살아났 자그마치 OX 달치 레츠 HPV 남반구 시에라 엑시즈 플래닝 Phone ##zz 등수 차륜 1864 True ##수익 ##의연 SDN 마스트 재력가 오합지졸 ##불복 섯다 키미 스쿨링 이만수 질린다 ##빙수 비숍 조면 화마 ##iano IPP 노르딕 들쑤시 자라난 한한다 0007 roll 흘러내렸 비즈니스맨 등정 수빅 엠버 윤소 김보름 팥빙수 동화기업 움직여서 ##가로 ##소서 ##젠타 팔당 향정 kje 김경환 인디고 홋스퍼 가져서 역세권 로테르담 Electronics ##val 야학 내달리 병문안 리츠칼튼 난수 남제 뻗치 얼렁뚱 한사코 ##perty 소프트볼 조동아리 허베이성 달랠 득점자 이인호 지창욱 편입학 재민 허송 눈치챈 대형가 모조품 전의원 최성해 맥라 유와 약혼녀 떨어뜨린다 ##와인 래드 그레고 복불복 Ze 검역소 1877 TOPI 돌아댕기 ##바토 에른 AES don 불러와 생성기 지지리 참모장 분리주의 말벌 MDS 교대제 방어전 비싼데 실효성 두려워했 앞니 온순 각본가 얼만큼 Dynamic Ce LR 움직인다는 096770 lovely 털썩 ##지부동 0550 ##상간 ##인데 천제 운송인 수출업자 ##팽창 부푼 증한 ##side 가르키 드러눕 체코슬로 체코슬로바키아 gh 황망 래스터 전력화 밀어붙여 요지부동 간교 개괄 본때 세토 캡콤 배달부 살코기 Natural ##하는 반어 암자 퇴물 att 돼냐 임부 아쉬워서 떨어졌으나 ##SH ##vo ##mas 들킬 해본 교육위 이병규 추적자 당번 켈트 로타리 유통량 정기선 3150 CCSI 내세워서 ##BN 계피 방접 패미 난리나 넌지시 근친상간 every ##뭐니 ##속구 ##타루 응접 퓨즈 김경진 동년배 특수교육 ##선동 조단 넘어질 유명희 이정민 필리프 혐의점 미니게임 ##숫가 ##타령 냈었 따라온 한국명 국수주의 베트남인 뉴잉글랜드 Church ##BY 기의 득템 비망 쪄서 부평역 신발장 호숫가 명신 짜인 태성 흉년 겹친다 박찬욱 발전상 사헌부 서기장 EMEA 구렁텅이 Industrial 슘 번인 오치 ##바위보 납북자 스크루 우려낸 Securities 가마니 수나라 극자외선 가위바위보 리슈 정견 차악 화북 뛰어올라 미년 백도 농지법 도미닉 최시중 ##고분 내왔 화로 배두나 꾸중 스쳤 hug 경비병 모리슨 구태의연 금제 업연 Ham 마이트 파사트 jmkim ##너덜 다더 ##니뭐니 ##ping body just iTunes 적셔 0041 안타까워하 ##una li 남근 디앙 용종 믿음직 산탄총 윤상직 베어스턴스 ##팔라 남면 졸부 투습 광견병 국경선 억지력 ##반장 들불 미경 지티 황영기 ##istic 일러스트레이션 라만 일향 오사마 hjkwon ##방동 감언 Dat Rub 재무장 지켜서 파크뷰 Operation 과방 담낭 방약 버틴다 셀룰러 ##팬츠 기예 보카 에뮬 광복회 뒤진다 웃음꽃 Baby 고수익 기와집 외동딸 선운 강속구 카시오 ##echan 로브스키 mobile 생닭 윌버 혈서 바쳐야 다운재킷 사카모토 꿉 OD 명패 삼매 뒤틀린 채워줄 ##공세 승연 엄니 은정 ##iful isa 김현우 부들대 속한다고 상일 유제 Fly IHQ 김성식 차인표 참말로 0112 컴캐스트 농해 이루어짐 ##jin 성규 aoa 설교자 페리어 Second 스텍 양영 운산 김인규 테넌트 우선순위 ##pliance ##침대 삿대 조질 박정원 내외통신 무령 석차 홍상수 Marc Paris ##COM 낼까 신채 타니 피버 Baa 인기상 터뜨릴 홍라희 MPEG 아로니아 공훈 앞질러 총공세 1862 뭐니뭐니 태평성대 Beach 이루어집니다 유양 짜임 풍파 Far 박수근 블락비 껄끄러운 맴도 옥고 황현 짊어진 크리스토프 ##포항 싸매 휘둥 김인식 ##세코 독산 제부 파해 허블 Kbs 재해석 Pharm ##타민 새들 점입 칠순 ##고구마 Oct 충정로 MJ 감화 마대 분구 성한 이클 죽염 켈러 험자 ##갈머리 ##공서열 ##코니코 경사지 꽁무니 물리력 치켜들 연공서열 이클립스 백해 파빌 공대위 소년단 윤계상 1332 ##토마토 NBP 소가죽 multi ##락부 매코 벌컥 세고 외감 추성 See 네모난 변해서 오로치 초겨울 LDPE 볼빅 신복 초승 이용호 다원주의 쓰러트리 비례제 빗나간 엘비스 Knock premium 메꿔 알현 축이 조언자 너덜너덜 방울토마토 어죽 초이 태리 바보짓 요한다 퍼뜨렸 다이스케 ##임당 니코니코 ##li 리유 탕탕 행도 고물상 슈가맨 멩 ##가야 김재호 다사다 사야카 이헌재 kisa 신사임당 ##로디 ##her 배뇨 판과 재전송 포도밭 Manufact 강통 삼치 자공 pet 독버섯 써내려 지그시 편해졌 여한 감정선 위성호 ##장담 eg 마틸 CMP 구상도 손재주 마애 경사진 루시아 토트백 ##pn ##유포 동리 새이 연병 윤하 기어들어가 갑과 콜레 슬래그 파파라치 ##어두 mf 특효 십계명 타박상 비듬 최호 누려야 서재필 ##inder ##옥희 ##하드 제개 화위 가래침 드라이어 뛰쳐나가 Corporate ##채원 남명 코브 NDC 알아먹 탑재량 1125 TECH 프란체스코 무미 뭣하 ##izon ##osa 샤토 양학 주노 052 강력부 공중전 베이너 역이용 의정비 깜놀 빠름 선각 왓츠 필스 013 절도범 ##대감 갈길 만시 ##fect 가리비 LTPS 호언장담 램지 할퀴 ##드려요 ##4020 REA 참가율 ##ython Computer ##관제 겐조 살판 집터 균형감 파티마 이룬다는 ##ged ga 홀린 MAN 경고장 분화구 하이츠 device 박광온 최수현 콘스탄티 비스마르크 알스 아즈텍 집어던지 상증 구호품 두터워 말린다 비확산 ##사철 개풀 줄자 김성준 모자른 송이버섯 ##roller ##ITC 영관 옥동 증량 허사 Girl 동북공정 일어난다는 Fundamental ##세지 괴질 덧대 연옥 고라니 바둑판 숄더백 에프엑스 대죄 송은 등용문 라이어 incl 구선 정련 톤수 ##브라운 슈피겔 강해진다 비천 국민감정 ##강우 간추 산선 이엠 023 사실혼 하이웨이 sound PN 당최 선린 ##아트홀 요동칠 젠틀맨 펜던트 가판 ##리어스 ##loud 김철수 김형태 바실리 발소리 배수진 표준시 ##사실유포 price ##촌리 서고 ABN 김경문 절대자 ##돌라 저래서 Chief ##포리 마징가 흡입구 어땠을까 허위사실유포 언년 형민 MUS 아키타 헛되이 파빌리온 령자 섬머 짤린 롤렉스 마주칠 ##사우루스 조제분유 조지아주 흘러간다 벌채 일합 하연 ##mall 방송위 울고불 조현우 과대망상 하모니카 Outlook 철망 앞다리 이상자 1690 기아대책 프리드먼 버밍 베브 빈사 진에 견적서 내몰렸 아발론 1290 CBOE 천역 코베 경희궁 돌려줬 림프절 주승용 ##생물 말러 BMI 맥없이 양상추 계심 풀칠 데미안 인생관 ##저널 ##ken 통달 파식 홉스 래프팅 화학자 표리부동 기협 도재 쿵쿵 나영석 윤호중 헤인즈 진남 김영희 생선회 휘청이 금탑 ##동면 iso 와룡 변동비 최희섭 후쿠다 프란시스코 ##뜨기 ##르츠 계투 넘친 ##도서관 결핍증 8350 로사리오 예수쟁이 ##담비 ##RLD ##wei 객기 빗속 젖혀 나성범 더듬이 화물창 불볕 인순 찬조 한주 Cow 수문장 진공관 찌푸렸 팔아넘 NAR 아티스 확장자 ##ership 싸돌아다니 니께 명예직 원료탄 이지훈 1310 우자 WON 스피디 조환익 쪼개지 ##iling 아틀리에 쾌청 레드불 JJ 개마 뻔했 소론 유순 함게 PIN 임태희 ##fault head 다사다난 웃음바다 관구 깁슨 아호 외경 쯧쯧쯧 콩고물 트레비 고갯 루벤 뺏길 윤장현 모직 엔론 의주 용적률 은수미 금융업자 Technologies 뀐 ##Pro 멍석 영훈 인모 효창 IMT 김상헌 는단다 BIFF ##루아 담도 도액 전창 총포 주제넘 ##idance ##육아 관조 마창 만보 타성 ##vert 공덕동 돼버린 문젠데 프레이저 스포츠동아 technology 강윤 서풍 체니 희수 정동진 digital 고별 다희 명할 발터 아더 화실 북가 영롱 팡팡 필시 한뜻 행로 USC 모셔야 ##자일 검법 꽃샘 치미 향동 머스탱 흐느끼 얼렁뚱땅 다가올수록 술대 HUD 한성숙 보코 알폰 여척 유단 토템 too 때려도 설렌다 구스타프 오하이오주 kp 칼레 다공성 이서진 Make SLBM 외수 ##민스터 Ter ICAO Sign 가시광선 local ##결혼 복속 특훈 Layer 떡값 천금 몰려서 버린다면 강강 짠맛 코린 ##파인더 대가야 부유물 사시사철 pf 스웰 장의 ##레이브 PMC Side 인사이동 하바 설명력 실습실 제안자 타고나 푸르메 공동육아 번다 항진 앞바퀴 웨일즈 made 벌초 윤원 ##oria 데리다 솟아나 자유인 공개시장 버렸으니 연례행사 공개시장위원회 ##YO ##봉동 감바 권일 금서 앙헬 ##onic SDC 아름다움의 받아들여진다 ##키티 ##하탄 반수 시낭 저들 아세아 우회로 이장우 정무직 1740 헤밍웨이 마르티네스 credit ##나우 ##마라 판막 효정 군수품 불청객 1760 서관 소일 가늠자 문방구 바뀐다고 ##Pa 명승 목요 편평 ##ospi 박상진 bottom 신탄 헬퍼 CDM ##성시 개재 실언 오휘 헐렁 나탈리 이직률 인기척 통신선 햄스터 ##ifi 계집애 리베로 판매전 평화주의 RH 본대 장품 탄소세 그린란드 한국전력기술 결자 맥라렌 합해서 귀어 류경 성읍 임승 ##공항역 NIE 다스렸 로만손 알톤 제위 허파 1869 ##상트 로커 성육 쉬프 체성 파버 아바스 구김 응분 젠시 차대 킹콩 서글프 공공질서 Games 볍 box 보온병 소화제 국립묘지 마산회원구 빅맥 애너 염도 팥죽 MOS iii 람사르 해지율 뛰어오른 신일본제철 프레지던트 ##자국 양철 오의 점했 채혈 올라탄 접대부 정체기 Last 보잘것없 오페라단 도티 삼엄 심비 용건 Ref 겠지만 빈민가 감쪽같이 수레바퀴 ##NAL 도란 에크 펌핑 상업지 오나라 정중앙 휘말릴 휴대품 ##org 봐주 옥살 온대 소시에 신디케이트 Experience 기악 물회 보채 엘런 시험실 파이버 비잔티움 아레스 music 국립중앙도서관 덤프 복위 운트 터줏 폭압 INI Pot 셀룰로오스 카운터포인트 ##무드 ##변기 치룬 ##alse 백세주 불러라 game 법도 수회 ##데이터 사임당 서경덕 권합니다 노른자위 유노윤호 지하자원 positive ma 궁굼 예순 루리웹 메이어 엑소더스 ##니발 나참 린데 모야 시더 은호 루테인 솜사탕 스토퍼 파울루 엉엉 중병 기형아 꿍꿍이 뒤돌아 축소판 허태정 불타오르 ol 모술 산법 의탁 걸려온 광고료 인공강우 layer 금충 맵시 촌철 휘경 김동환 김병기 사이퍼 자극제 커미션 해치우 ##두루 ##서버 장회 김소현 ##인명 떠든 시수 신료 입신 CFA 박용택 연대장 Hyper NASDAQ 엉켜 출향 SNK 게르마 고목 금양 ##athy 가두리 돌연사 뽐낸다 사이타마 시사저널 지엽 칼스 이러쿵 Intelligence 바도 순애 ##멕시코 024 익혀야 전두엽 칼리파 티모시 해줘야 ##집게 건화 야상 통인 유인원 첫머리 된답니다 ##수전 문발 배사 완쾌 월령 으깨 환인 ##rost FED 이바라키 DN 둥펑 ##lete Alb ##inary 주택협회 데상트 미우라 권리관계 about 콘스탄티노플 낙조 웅성 케톤 043 사진기 자책골 퀴즈쇼 Range ##이네 관부 동침 민재 번다고 사적지 뉴멕시코 ##iab 뜨끔 직조 Men 아자르 의병장 파워레인저 ##게일 df 안평 잎새 ##프스키 김경희 문소리 안후이 중압감 터줏대감 변천사 장타력 최창규 ##비트 에나 외발 그리로 도루묵 생일날 함재기 부른다고 에르난데스 완존 전각 아이씨 청년기 더해준다 살펴봐도 ##ovo 징발 Cup WWF 대한문 더이다 비구름 2650 보주 죽순 ##답시고 얼치기 ##세월 규획 비봉 김선우 난린데 얽매여 연두색 옮겨간 유세윤 정공법 FREE 화각 계류장 아르투 ##대신 격벽 꿈쩍 친권 AOL ROM 지킵시다 Personal ##URE 게토 멋쩍 반구 초승달 퍼진다 Wave 알렉시스 리졸 덕진구 르브론 밀려왔 연산동 정준하 출원인 폐자원 보구 iss 필사본 에드워즈 전력투구 엘리야 퍼져서 깜냥 무민 속료 옥계 웨버 애드리 이수영 ftse ##아쳤 Ow 빗댄 오설 라라고 봄기운 유치권 지성호 죠죠 이정우 주걱턱 웨스트민스터 몽롱 층층 코젠 폭음 활전 044 이순우 메타데이터 VKOSPI ##아름 부루 조홍 펜데 다져진 청담러닝 Fnguide 계백 브린 윗집 ##omer 묻어두 페이서 안드레이 빙긋 정갑 종언 탄막 튼실 tem 수세미 밝아졌 ##가사리 bis 그라프 다이크 Mess 네스카페 style ##고쿠 제관 초자 이건호 관공 만조 명승부 점령지 Commodity 반다 해친 다뤄졌 산사람 태진아 rest ##멘토 ##방귀 남충 Lic TEL 그린피 돌아본 Pool 만난다는 나타냅니다 ##FET 삼합 ars 최종현 귀천 큰지 ##인명사전 스피노 아까우 트레블 야외무대 Linux 하이파이브 ##호크 낙뢰 남항 아몬 ##아산역 FHD 천안아산역 Little 친일인명사전 북문 서먹 윤홍 소독기 야적장 타이슨 ##ramework ##가전 ##민관 갱도 FMC 깨부수 무중력 봄나물 쇼쇼쇼 코리보 버린다고 아나스타 올렸으나 플라이트 루다 주은 최나 ##stal ESC 염치없 키메라 톰보이 ##응찬 대규 시유 들려준 문학회 ##알코 ##wls 과욕 담관 라미란 새로워 남북협력기금 꺼림 단칼 봉명 중계동 덧붙인다 ##재훈 은희 라응찬 시금석 ##Script 수병 우노 김국진 손놀림 진화론 노임 예거 로워질 빗발쳤 아데노 sign 바이어스 Quick 디온 ##알코올 ##크루즈 헤드업 plan 레이먼드 ##iation 보이드 ##키나발루 ##모트 ##범석 js 비취 석호 쪽파 ##으면서 김형석 내수면 조아라 중랑천 합정동 만병통치약 코타키나발루 중의 못생겼 윤종원 고미 뺏겼 선스 한채 산수화 오프라 아르테미스 인디펜던트 ##디포 동한 유훈 쿠지 결막염 조희팔 행정법 홈디포 Like 군립 심란 펴지 하모 맡겨진 수신제 mode 전자기파 리갈 맹위 북고 윤후 드리운 배구단 라캉 맞혀 올거 준말 호산 1818 인만 뒤꿈치 육영수 전람회 ##기도 ##흡연 곤잘 기진 ##어져야 손담비 유후 젝시 토빈 현경 났으니 반응기 오토메이션 경전선 들어서야 헤쳐나갈 ##anning 대업 떨칠 오실 동성로 윤성환 Marketing ##필락 SIG 갈라졌 김영일 비욘세 새마을 사이클론 아나필락 초산 조직체 ##하르 기촉 바움 불결 비빌 씌울 임화 쿠루 위장관 청장년 피지배 필기구 연개소문 윽박지르 ##TB 들킨 측정값 1480 ##가경 견련 채연 ##옵니까 망가질 타카하시 바레 종수 피똥 한철 규장각 well Voice 어려우므로 능수 렸다 옹졸 조너 출납 고차원 몰아쳤 뇽 ##대비 칼끝 혈흔 ##뒤치락 ##스티안 ##cent CNT 비틀스 창조물 콜로세움 XD 병용 오발 효행 간접흡연 인지상정 새장 액추 차시 WAR 뿌린다 줬으니 2550 분단국가 액추에이터 비카 얌체 짬짜 035 Put 1372 틈바구니 페르디난 쓰레기봉투 ##다귀 김좌 캔터 김종현 사이사이 타지키스탄 ##dom 간구 벌렁 알랭 짤렸 스모키 한의학 저명인사 kakao 구관 녹슨 무네 그늘막 기능직 드림웍스 ##yu 미조 직도 일지도 임요환 ##ories River Organization ##hr ##클링 fi 남평 서야 셀리 입면 생두 실온 양비 have 튀르 풍구 김병수 아우른 친다는 사사로운 다린 센추리 건국훈장 Place ##발림 ##프턴 문익 ##으리라 칭기즈칸 포스트잇 ##istics 장연 구의역 잊혀질 케이싱 1640 는다거나 부끄러웠 ##공노 ##점포 ##trl ##zer 곱슬 상평 킬라 칠면조 풍경화 백색가전 프라모델 구래 시러 분자량 파고든 팩커드 동충 청강 맨하탄 산기슭 테스토 Mind 애드센스 ##드릭 ##해지 미침 쉐어 타요 GLP bro ##stein 웨이스트 테스토스테론 ##entiment BYC 둡니다 봄여름 안경테 저궤도 천인공노 ##illion ##로비 부청 씻기 똘똘한 쏘아보 이상재 청계산 한복판 로즈마리 완벽주의 가까워질수록 박강 안검 외빈 ##토리엄 inn 골잡이 아나톨 USDA 아밀로이드 Object 부쉬 송풍 선릉역 상하좌우 Ocean 깽이 냉대 갇혀서 ##넘이 법익 서미 케플러 삼성병원 아스파라 간송 범타 야요 익추 전연 천경 BHC 키자니아 ##치슨 간이식 라우팅 고분고분 ##BOX 단판 메가톤 1590 날일 윤창현 ##ledge 두루두루 부탁드려요 ##mi 갑절 내상 돈지 앙고 엄친 호프만 Flat Graph ##uration ##팔찌 Mn 부구 ##word 돌다리 ##itive 바람둥이 Clark follow ##마담 시메 향우 ##down 부르고 사당동 국의 담갔 보즈 부회 샘솟 일경 남포동 버몬트 빚쟁이 엎치락뒤치락 머쓱 암종 AIR 고아라 요제프 ##iffer 과묵 긁어 조황 봉해졌 쓰여졌 ##민수 ##범벅 간악 논문집 웰링턴 QFII 물리치료 비번 한함 핵우산 Policy ##여래 GNP 아틀란 원시인 카메론 폴리아 할렐루야 심결 조갑 ##reme 돋보인 속삭임 신부전 단풍나무 인과관계 ELF 1117 캐나다인 ##323 살점 약시 오제 견뎌낼 못해요 인용문 새마을호 international ##공부 ##목사 gg 문규 분점 온세 동원령 실업팀 핵확산 점입가경 ##탕스 마거 자년 Ill 폴리카 레지스탕스 고보 데키 섬겨 임인 전심 정토 투찰 DOC Ess 낚아채 북소리 수필가 대이 사감 ##bird 극좌파 예방책 피가로 부추긴다 메드베데프 고쳐라 사물함 수색대 유일신 이용대 정관용 사회민주당 ##동맹 ##떨이 UB 라섹 아함 동형 뻥뻥 해두 디오니 소하천 영화판 케이카 Shang 부릉 양세형 에드가 스노클링 투모로우 Focus 디그 학산 전신주 1610 상통 ##오빠 의보 진박 팔목 물려준 야릇 요샌 주얼 치자 문구점 추진기 한기평 ##매자 골탕 살구 상할 무성의 COMEX 수동변속기 양군 몰아쉬 이상직 집행관 두드러짐 블레이즈 ##이설 CTA ##autiful 딱이 산야 처서 ##신문고 눈치챘 백도어 스며드 ju 에든 월수 JSA 안젤라 재정비 위칭 인편 061 김진호 예상액 ##프로그램 국민신문고 ##가키 배진 샬럿 성세 자통 Lux 김민희 서해선 조절기 dbtp 물리학상 ##ati 지대공 나몰라라 남송 양속 내각제 온에어 외식비 ##파르 인혁 화시 덕유산 발사장 조정장 block dbtpwls ##서기 ##emb 최자 꼬랑지 아나필락시스 웠 양만 장춘 펜더 하가 하장 기혼자 빛난다 섭니다 였음이 추격자 한니발 1031 ##IDE 거던 서유기 혹한기 spec 무신론자 에든버러 ##특정 계율 솔비 일망 장일 조가 뜨거울 장민호 전주국 헬싱키 EGFR ##린저 꿰찼 어보 삼보컴퓨터 내곡 능구 절레 홍미 FSB 법무관 부인과 이상주 팀플레이 볼지 승호 교수회 File 부둥 통전 Pen 매그넘 소주병 이오리 최장기 허스키 ##보네이트 ##발인 소병 물리칠 민소매 Loss 반공주의 ##강식 Ax 본이 송용 술상 칠까 배수구 오마르 임수경 Original 금박 동나 주객 PPA 않되 양관 이로 토와 기념탑 춤사위 필룩스 감정싸움 스피드뱅크 ##마늘 dw 동궁 이그 드러커 조광래 콘스탄틴 한국지부 뛰놀 로퍼 반길 감언이설 프레드릭 ##oration 폴리카보네이트 계성 성애 덩그러 게오르기 뜯어고치 끌어올려야 라매 맹견 TNT 남성미 반지름 부정사 유별나 이시종 Mk 구난 수륙 하북 신수종 저지선 ##otive ##hi ##iki il 먹자 장손 절편 남수단 버려졌 수도자 초심자 ##키키 깎인 밀항 제망 권상우 사이좋 논한 토산 페디 푹푹 달려라 뜯겨 센세 에타 창극 신지식 센세이션 컴파일러 피고발인 랐 서에 비상금 매개변수 부왕 쉬이 재희 boy 박영준 심판대 나와야지 ##PT 적치 abs 필리스 14001 ##매틱 ##장교 개패 료칸 밀짚 복심 적신 침소 ##모세포 칩시다 거쳤으며 모른다며 감쌌 근신 대절 재동 혼외 선도자 오리올 오십견 절차법 폭력범 돌아와야 농림수산부 ##니에 ##다를 면박 밀월 오므 하윤 ##zero 올챙이 타우린 담석 따가 만좌 은혁 ##ours Dig FIS rev 달동네 대항력 정화조 중노위 빈둥 왜성 치치 보여줄지 경일 불특정 ##규환 ##데나 Pin 1857 ##동수 댕겨 쑥스 김종갑 Medium ##논현 기즈 밀렵 체다 퍼브 가져도 고덕동 공작소 금호동 놀러갔 우에노 전투원 크러시 얼굴마담 컨텍스트 ##안간 ##이아 덤불 무석 분방 인석 철렁 내방객 남베트남 선덜랜드 지켜본다 프랑켄슈타인 ##ho ##apy 비앙 모자랐 사납금 park 브라이언트 Economy ##입장 늦잠 설대 페렴 두루미 스타벅 잃어버릴 Sav 결산기 ##반정 승가 검사기 담뱃갑 아미타불 order Universal 고희 사티 원류 절리 정본 ##arma ##osis 김수환 김혜경 연방군 ##려구 상흔 이영은 ##Shares ##ources 뉴스데스크 스케이트장 Agency 차영 팬시 대구역 자치주 ##스티누스 ##두철 물때 조루 종적 참의 파토 VFX 정합성 1806 청남 청인 유지태 정보통 광개토대왕 Identity HQ 그득 상극 하주 필라멘트 After ##mc ##당토 가무 어둑 완급 융단 종무 DVR 레터링 법정동 위나 펑키 할례 김희애 세훈 이오페 재사용 ##일반 꼬드 우글 ##토당토 amp 김영훈 루시퍼 시나몬 바닷바람 count Battle 군신 석과 잖나 범야 대형선 바라카 올려져 얼토당토 ##옹주 헤스 gog 명연 진갑 천점 타티 ##leep 시게루 저만치 1388 류진 만을 진서 CLO 남겨뒀 두루넷 별안간 울려퍼 탄저균 ##조스 만삭 보브 비울 고른다 안젤리나 ##나은 ##딸기 내벽 her 브로치 제로섬 프린지 1003 그래피티 기정사실화 Ast 휘두를 deal dx 구류 보딩 ltv 김종철 눈망울 산타페 young 화이트칼라 ##갈채 기심 날랐 악평 차였 따라간 줄리안 박수갈채 원교 암시장 단강 약어 우려내 1688 성대모사 ##빙빙 산아 시클 업신 옮겨온 지아이 휴머노이드 ##레우스 소방장 되살아난 토굴 종량세 Bern ob 거유 벗겨진 ##연가 RU 정혁 아니요 아열대 도열 루멘 송석 연분 완두 천심 ref 누린다 하데스 stud 캘러웨이 south 다모 물수 자넨 모멸감 ##도성 ##이디 공파 라뇨 뱅뱅 점사 김수미 단막극 인보험 ##오냐 강미 세경 윙스 천선 을게요 ##error 드레스덴 ##토니오 022 MDI 광주대 뼈아프 프로파 되돌아갔 된다니까 얼버무리 정면충돌 노던 끄덕여 브리오 양상문 1122 엘비 ##게임넷 ##리아나 이등병 온게임넷 웨이트리스 마상 가해진 놓인다 이파리 ##uster Large Transformation 강론 명차 음산 퍼먹 문둥이 당할까봐 ##EWS 남음 동남구 박성준 밀약 mer POST connect ##독스 UT 아이다 조너선 1730 2034 심해진다 펜실베이니아주 낙심 맹글 파천 MGM 허투루 1113 ##와일 생뚱 원행 지보 ##idth 둔다고 지어다 래들 075 다다를 더라며 도둑맞 조혈모세포 금명 역구 육해 다이먼 이윤택 잣나무 조종석 주자학 처해질 잉글리쉬 그려서 박재홍 베로나 Area 와이키키 비움 SPO 요일제 이상윤 제미니 html 개망나니 Monitor 달려야 오지랍 오프셋 중도파 느낀다면 유성기업 ##폴드 송송 하람 오리건 유색인 크메르 Prom 드릴까요 야노 나사렛 더워서 어찌할 천리마 최신원 키스트 아웃사이드 ##뭉개 발뒤 총동원령 JAPAN 김가 BEI 에일린 코르크 크리드 민물고기 좌석버스 프로파일러 겁주 세린 요추 틔우 광역권 뒤져도 임계점 내인 가려졌 고미술 그린북 박상우 최재원 지켜줘야 Account 격조 다곤 뜨끈 씌웠 진루 생각날 티에리 하이든 Vict ##log ##win 계리 권희 칼춤 강경책 관세사 두루뭉 위문품 친부모 피어난 홍보전 처부 RSS 마모루 1858 Easy 홍대입구역 Balance 도동 영연 재역 타조 혁혁 내장산 마사키 하영구 음침 치룰 한비 등록부 보유고 안양천 니마 코커 화부 ##로니아 다카키 임가공 트루스 호크스 true 일어납니다 ##Pl ##높게 가심 경공모 아세틸 아폴론 엄청났 유인나 네이션스 명덕 청대 퀼팅 환형 들려서 방음벽 다카하시 대위변제 ##ending 단명 보글 사직동 교위 담지 물금 푸이 고로쇠 역방향 일면식 정례화 판빙빙 헤엄쳐 강도높게 도분 소법 LPR csy von 고속정 ##현실주의 국명 다미 번국 샤라 초봉 ##방사기 김동준 김준기 생각난 ##어짐 병종 적장 젠지 Cut 권영세 이센스 조정식 길라잡이 이슬람교도 담즙 밥알 CUV NIA 장학관 전일제 행동력 char flex 거듭난다 ##aphtha ##TRO 버네 핏대 단정지 쓴소리 조명균 1801 APR 곤돌라 유니콤 ##ISS 철문 버려요 모름지기 jmstal Channel ##이노 다솜 발안 저세상 조선공산당 꼬임 제삼 전시품 흠칫 TAC 독산동 초신성 파이퍼 나타날지 화염방사기 ##공연 군납 혀라 다채널 미들웨어 설서 장훈 재하 div 강의료 김민재 번역자 ##가타 bt 뿌연 염경 웨스 1859 ##무트 군세 렬이 유환 차은 평동 험준 홍사 방송가 이동의 오냐오냐 ##댄스 ##omm 비췄 체적 가오리 이영희 Museum 종잡 어휘력 object 우인 현송 가래떡 박희진 찡그리 CVID 버터플라이 ##잡기 모작 와선 판돈 ##육강식 노처녀 1135 오퍼레이터 약육강식 여호수아 큰아버지 ##지명 보츠 정덕 진분 ##amin 김민우 서북구 무료입장 ##토크 용정 지판 Exp vis 안녕하 건륭 극약 다뉴 좌식 집도 대여료 인공섬 채워질 평검사 하이텔 Cong 그럴만한 당한다는 러닝메이트 위식 장계 장평 참극 타밀 하쿠 감옥행 뱀장어 시보레 용접공 인왕산 노현 서은 전운 착장 Arc 빌려줄 전화국 허스트 빚진 출장길 ##ustar 스패 한려 tax ##감동 류병 별루 요시노 할려구 헛소문 눈물겨운 제빙 통설 간세포 라비스 코덱스 Jtbc 선견지명 DGIST 105560 ##강병 셰르 유디 제친 축포 도카이 발표자 소비뇽 이현우 프로슈 ##둬야 ui 릿지 순무 식칼 정욱 ETS FWD 감찰부 뚫어지 배영수 황운하 구이저우 중류 충효 합의점 ##안토니오 내식 수검 Fit PCM 먹인다 번뜩이 질문지 쿠르트 노수 눕혀 완곡 칠월 NXP neg 김영식 아이온 한누리 글로리아 Academy 고석 순혈 ##습니다 ##anda 국민성 김진영 자양동 전분당 초록빛 씨엔블루 ##안주 네네 노은 쉐이 IMA 말뜻 올케 유에스 한경희 카르타고 걷혔 소결 산화철 용관 자마 함지 TED 0015 ##관총 리엔 우보 참살 톈안 북극성 비야디 전공노 탄신일 누그러지 동중국해 ##TSA 다야 데우스 스피스 순회공연 엔터테이너 ##바늘 가쁜 상오 실성 진산 토호 티엔 ##테우스 늘려라 옥살이 해봐요 헷갈릴 1510 Feat Take 놀렸 디버 조청 좌월 DTV 갈까요 명령서 모여라 이발사 최민희 4250 나갑시다 에른스트 합스부르크 연남 춘다 바꿔도 혹여나 알렉세이 월식 벌였으며 사탕발림 차스 코지마 탁재훈 벌어질지 부국강병 ##거북 서임 유파 호탕 내줘야 리듬감 크리미 헬레나 열린다는 되파 릴라 정물 덕아웃 보디빌 성육신 이동기 중화기 흡수성 다닙니다 ##카야 갑각 모찌 복소 빠라 잖소 HPC 골뱅이 빙하기 석회석 수공예 카프릴 결행 레코 차내 탄현 간선거 입찰서 춘향전 홀랜드 Basic Winter 탈것 갈무리 곤두박 음악당 테레비 한국전기 끝남 난초 박아 수청 재공 에스크 옛부터 유배지 주문진 유례없이 투덜거리 금환 모랄 술법 쌓여서 양수인 와르르 황장엽 제기차기 ##aka 의체 가리킨 다득점 이상화 제물포 ##기록유산 0470 ##covery 세계기록유산 거참 구영 랍비 미겔 와코 찢어져 파리기 현수교 열에너지 Audio learning 마주한 주니치 최종일 Better 세찬 위저 인육 재시 ##할머니 문근영 1015 큰절 게임스 빠져라 Kids ##모래 르포 면식 부표 희성 슈프림 폭행죄 KDDI 가져다줄 불러다가 뒤치 리매 커먼 케인스 주아 햄튼 대문자 무도회 존대 WFP ang opt 관세음 넘어와 리세션 작업대 참다랑어 15000 ##다스 ##메어 관외 모도 무부 이실 토고 수술대 이야길 ##icture ##뮤다 격랑 명계 오륜 오야 원혼 Tro 마스타 환승객 감가 맞수 외직 권준욱 버뮤다 진주성 왕기 자던 댑티브 바스크 알아챈 메달리스트 Community 귀납 복개 윤명 ##inum through 에몬 초치 틸리 끝마치 장례비 적당량 0091 what 최혜 부려서 지망생 퍼부으 휴비츠 ener ##irm 이차 호각 ##총연맹 내놔도 오신환 만과 맷돌 삼신 플러 허난 국산화율 위풍 잖은 해난 리만큼 리설주 이매진 뒤집어쓴 ##궁합 초가집 해줘서 ##맨더 ci 박덕 창창 Pri ##메디슨 GPI 그래비티 삼성메디슨 ##ERA qm 디나 삼색 습윤 퇴마 ace 바뀔지 송신기 잠실야구장 송성 아운 양쯔 아슬란 횡령죄 human ##행기 뜻있 초정 에어리어 Brown ##cription 복스 eph 라이닝 손나은 Dragon Integr 좌고 ##다이라 석굴암 체스터 온타리오주 들임 HRS 비망록 심부전 유분수 아야지요 ##뇌염 네드 래서 문비 벌주 정려 ##운동장 Jac 방탄복 되돌아왔 묻어난다 일본뇌염 Architect 바투 세권 시회 저긴 헤켄 휴학생 스펙터클 ##푸른 멀뚱 삼킨 ANA cos 야고보 장영실 허난성 류머티즘 ##즈카 갈일 술렁 환국 MEC 끼어드 몸놀림 참조기 캐스퍼 케리건 루즈벨트 이어진다고 갸름 반트 짤방 KPX 야된다 공명정대 안압 밀착력 씁시다 ##TAL 호당 FDS MTB 마거릿 족쳐야 참여국 고바야시 realpaper VX 새치 선금 퇴조 안데스 미지급금 바뀐다는 ##iba 얕잡 흑미 AXA nbc 보물찾기 ##교체 ##생이 도큐 초법 출입증 굴러다니 는다는데 합리주의 ##uma 전금 ##내리락 김정주 우분투 혈압계 ##락내리락 Scott ##뚜벅 고담 칼뱅 패들 PSG pan 박지수 비춰질 서일본 1470 뚜벅뚜벅 오르락내리락 Committee 로잔 준상 감상문 꾀한다 종착지 에스크로 버지니아주 KINDEX Retail ##길래 ##메즈 ##하리 과채 헝클 구동력 권오규 난맥상 진혁 단무지 전자전 초음속 다이내믹한 ##말고 BV 단청 복대 ##맘대로 눈물겹 유격대 문래 GRE 응모작 정의용 Filter 권진 다메 두문 새턴 선무 인교 김경태 하우젠 백분 성회 전명 등촌동 아이원 패러글 MARKET Building ##다노 Es 남씨 루쉰 벌라 토카 향군 OBS 가셔야 국거리 박상기 제럴드 ASUS 인류학자 단성 단차 던트 가우스 김기영 엠파스 톈안먼 right ##망신 이옥 판금 RSI jun 돌봐야 마쓰다 신채호 조정래 부르고뉴 비춘 서성이 저기요 배추김치 직사광선 겨눈 냅킨 웃사랑 응접실 조정법 떠돌아다니 ##저온 공도 금법 대임 가드너 김성원 아만다 1008 공제사업 사조산업 아이코닉 ##을성 XY 금마 베오 레이너 받아쳤 organ 극저온 석판 철물 행의 pap 빚어내 에스이 이동근 직무급 태백산맥 네스프레소 컨데 TBC 되살릴 시덥 존귀 검은콩 볼링장 수입자 ##gress 베이시스트 ##칼레 ##중공업 HRD 송지효 절단기 환경재단 글리터 0049 Excell 불알 사에 파진 훌라 김동주 꼽혀왔 청포도 허성무 hard 튀어나올 물납 직교 훌훌 식도염 전화벨 참을성 클라우디 국립보건원 아틀란티스 취락 농작업 속상한 side 광훈 마현 족도 최교 휴스 교대역 교통국 사유리 유자녀 입간판 참모습 특별기 흰머리 ##산토 껴야 세발 수점 예습 ##두철미 관료제 사육사 스타팅 우울해 텔레비 철두철미 ##르카 라유 빌레 착석 예비력 최종회 HDTV Death KEPCO Los 재배지 ##uality 제논 해봄 EDI 뭣하러 선루프 응어리 Henry ##딴지 ##무중 파시 ##osph MTN 혼연 HMD 만드셨 아파요 빗이 설산 역비 웨더 으믄 프로메 sens 해야겠네 ##CON 단해 레카 조야 좌경 타기 혜림 흰자 jpg ##house 비브리오 옴부즈맨 양선 IPv 링크드 범어동 영양식 임권 상대자 쇠고랑 이현주 크로마 행정동 그래야지 평생교육 Score ##라이딩 ##죽거리 외톨이 타자기 휘어진 Cond 프로그레 JM 대류 부술 쓸지 집현 간경변 려니까 그만둬야 Johns 석축 윤덕 파안 플랩 ##솔리니 김현준 이엠씨 이자벨 GATT posco ##쭈물 류량 허당 꺼린다 우포늪 오리무중 고마울 내구력 드레이 이홍석 ##ova 송주 ##전등화 ##aven 그랑데 번쩍이 중립국 삼도 ppi 묻어났 박민영 FILA 냉큼 키츠 필체 헌책 IMC LGT 조성욱 결자해지 ##RN 맞고 단일화 신영복 타이니 늘어납니다 ##jt 도개 밀턴 뺏어가 새겨들 시만텍 최우식 FB 방용 오소 펼침 놓여져 조그맣 밤낮없이 풍전등화 소경 손기 습하 낙오자 스며든 윤치호 천주교회 Plant 003490 League ##방석 동여 JAL 우루루 바란다면 샌안토니오 ephites 광인 맞통 이촌 고지식 바벨론 봉중근 자니까 ##izing 세대교체 어메 임치 자웅 창대 ##콥스키 wiz 고용인 베네딕트 어메니티 나이트메어 ##vin Gm 답신 장축 ##vere 무득점 이성호 ##eller 자코 중천 증치 ##agen 블리츠 아랍인 앨리슨 오르내 페레스 레닌주의 조임 숨어들 2850 발뒤꿈치 우물쭈물 팔아넘기 ##nt ##국밥 ᅧᄂ 뒤끝 저라 뒤쳐진 열전도 미계 안현 오양 타블 제동력 티케이 1855 ##명분 하아 가슴속 술안주 오래도록 develop ##식별 서촌 암표 예법 이종우 프라스 1460 도타 부페 연공 질끈 Bud 부러졌 카즈야 코빼기 가로막혀 ##날린 경탄 고제 나신 밀라 성영 앤티 ##근로 노획 단주 성재 썩을 송정동 한다네 맞바꾸 빙판길 아두이노 패러독스 성유 시론 재롱 해단 야자수 일출봉 ##icing Screen 대숲 김혜민 주먹질 텍스타일 ##스런 교미 심은 064 뛰어날 움켜잡 반짝거리 Azure ##사직 짜라 폭사 번데기 핫팬츠 ##ias 내이 늦장 시건 임식 ##클레어 칼부림 플로렌스 돌아다닌다 ##네프 po 걸쭉 리넨 행함 후성 cdc 김민기 나가노 신논현 광릉 노성 놔둔 올란도 재판정 후지쯔 민갑 붙혀 신접 직립 강간죄 김수민 마테오 시어스 에스트 옥주현 운송료 원매자 이문열 1856 Language Ka 랑시 슈에 잔칫 횟감 효주 높여왔 성유리 이우환 다니까요 Gh 뒤셀 해풍 sem 는다니 정미경 뒤셀도르프 쿼트 다뉴브 양판점 일원동 헌책방 다대 동치 셀틱 우뇌 ##죽지세 사당역 잡화점 한건데 파죽지세 덕혜 우비 택일 DJI 김하나 단시일 1029 Beta 찾아다녔 money 입직 ##bach 부둥켜 시유지 아르곤 큰일나 홍정욱 CLSA Exec 김포공항역 아우구스티누스 ##오동 개야 면탈 봉행 불러내 1851 뫼비우스 애니메이터 프로그레시브 요사 유조 패착 ##시아닌 신종균 여성상 유민상 헤이즐 4750 증거능력 Battery ##트르 공가 비접 이잔 절멸 정씨 줬었 청심 ##마자키 부작위 fine 대의명분 ##네다 동민 양생 좌수 LBS 박지윤 무리없이 에픽하이 return Challenge ##켄트 ##VDC 알론 강신호 걸릴까 김승유 레지오 장원삼 짬짜미 ##지간 당량 육탄 답니까 독립기념일 ##러서 ##술래 벨레 억수 위버 이룸 칸다 ##티스트 ##iforn 블루스퀘어 잘렸 짝꿍 상표법 1309 ##쿠로 ##osc 가역 계사 밀랍 옥타브 ##식별구역 문전성시 벌인다고 스트레인지 방공식별구역 ##AS 벌떼 칸나 내팽개 스타급 신설동 들립니다 ##색조 가짓 빙결 지팡 테바 바하마 도와준다 간여 곽재 미린 보경 엠지 옥류 AMA 급선회 매달릴 폭탄주 동취 마젤 새뮤 채원 공원화 피우진 신용판매 짤려 가공업 전셋집 흙먼지 부탄가스 ##좌동 멜리 청곡 ##4800 ##ough 마이신 오지환 VE 땡볕 미애 ##제르맹 ##차일드 065 폭등세 황정음 생제르맹 무겸 문언 홍가 후설 ##네그로 ##베스트 바우어 카프로 빙어 요산 군바리 섞여서 참모부 한용운 집단주의 차향 팸플 CAN rad 더럽혀 보내오 이주호 ##gence ##orrow 연구윤리 리암 끌어낸 로베르 유사점 1022 From Gaming ##ru 대간 병인 빗겨 시너 크라스 Prin Photo ##IF 오룡 ##에스티 VJ 술래 jo 리청 사욕 키토 오래간 ##공상 ##픽션 더울 송내 bay 로워졌 재순환 선더 옛적 카텔 부러져 작용기 그만둬라 시끄러웠 수삼 ##고니아 배틀필드 마키아벨리 ᄋᄀ 대농 떨친 안광 인류애 Prim Wafer ##상대 민스 인면 테루 ##틸러스 ##rian 오사무 지국장 이상주의 ##nes 야밤 잠언 중절 편람 045 기시다 김기환 엑기스 노랫소리 노틸러스 합성섬유 ##레르 PPT 베조스 이주한 지른다 정치사상 Christian ##개명 목축 식회 ##care 대축전 우등생 벗어난다 사그라지 향토음식 비즈니스호텔 ##키치 더기 비글 Joy 다져온 잖아도 ᄑᄒᄒᄒ 다무 띄운다 1490 과신 다혈 우토 대척점 엌ᄏᄏ 터질지 1126 ##베다 당돌 쇼이 육묘 축배 누른다 올려다 윤창중 난잡 적인 스타쉽 유레카 인트론 크로네 SATA ##itting 쇼트프로그램 끊길 명이 넓혀갈 외교가 점박이 강강술래 ##멀스 염지 하소 Inv 잡아떼 조성민 붕당 조평 치로 MAP 스코트 이제훈 재미나 주제가 뻐근 새길 hjp 날까봐 시황제 역겨워서 곰팡 056 들춰내 아무짝 인쇄소 지언정 ##eld Ai 소책 애사 SUN 경비행기 이카루스 ##ipping 프로메테우스 귀도 쏜살 생길까 탄탄대로 imzero Agreement 윤시 파와 택한다 앞장선다 ##bar 무럭 미판 패가 이진영 ironn ##네사 매형 승주 학세 ##lem 백숙 성함 021 리벤지 아래턱 베타테스트 ##웨더 기달 석정 풍동 비파괴 클레르 피터스 율리우스 덕신 맨즈 월봉 자모 카티 캐노 ##나트륨 분무기 KIKO ##고원 ##지션 팸플릿 사운드트랙 ##웨인 꺼짐 총집 Phys 오르내렸 BLACK 능곡 숭어 여석 주협 1710 마르쿠스 남고 아른 원신 정여 지려 쿠릴 큐빅 해룡 멤피스 콜트 호분 ##idual 스러워졌 랑가 빼닮 퓰리 CCP 발맞춘 아리안 안내자 0364 Branch 말발 끌어가 마천루 앞세웠 몰려온다 바이너리 돌아간다고 떠받드 매니큐어 김운 덧칠 드냐 음정 임면 귀중품 디스토 아갈머리 창씨개명 ##멤버 ##무익 거성 살사 순삭 실개 피탈 웨이드 이긴다는 Together 권할 나한 무크 술판 왕녀 찬장 해촉 고메즈 정은지 최나연 회전문 hjpyun 사디 서윤 이주해 해안포 Arts ##xt 남장 여미 결단코 다가옴 메두사 ##수용 ##요건 용대 우거 자여 ##enny SNE 보호제 에로스 ##거린 직하 회군 PCC TCR 쉰들러 1815 reserv 다저 엔시 입춘 곧이곧 알레포 리무 이합 우스워 판례집 Prime ##rey 가노 재설 취함 가려질 상록구 새벽녘 케이윌 Ak 가녀 인당 Der ##중재 채영 치알 맹추격 세이코 유발자 1776 고래고래 무하마드 ##령산 ##화제 천교 총의 흐렸 ##ring Lat 난방기 중앙수 한국프로 photo 초현실주의 한국프로축구연맹 ##텐스 갑신 강용 긴팔 김주찬 돌격대 밀어준 산시성 송승헌 캐러멜 특수부대 Women 사린 우종 유수지 Heavy 경부고속철도 ##NGA 다망 됨됨 브롬 산방 시혜 알력 보리밥 양부모 예술관 이상엽 컨버스 Pract ##기어 ##릴린 ##사드 ##재인 비크 잖여 1155 리치몬드 다마스쿠스 Beyond dh ki 소화전 조각품 박장대소 ##TEX ##las 법륜 시여 표층 머릿수 불한당 문리 ##eway tim 구워낸 엘레나 조선말 ##과자 김지석 디맨드 친해질 염라대왕 ##OST 장순 소공원 업신여 ETNEWS ##고대 어두움 전국연합 Factory ##ece 나앉 물컵 월영 장검 조악 청솔 ##슈비츠 나오키 리멤버 ##uctor 지식경영 가른 움막 자말 전종 강해져 도둑년 로페스 탈취제 ##드레날린 CBD Wat xEV 각본상 김석기 대전제 발권력 살수차 실패작 ##ivery 권칠 TCG 떠나라 서남쪽 인포섹 스쿨버스 ##수요 금영 동색 줘패 철칙 몬산토 물오른 에리스 제삼자 2013323 ##어든 매단 소운 요처 이귀 장배 Fac 고농도 도적질 독주회 Stage 견우 모군 태일 혀서 ##그릴라 how 김성일 집어던 아우슈비츠 Officer 참내 천관 Bob 스모크 야바위 판촉물 대동공업 ##항고 접사 조까 조자 진평 Hua 잡아당겨 알레르기성 ##말리 단번 모과 박호 입속 젤다 찻잎 청포 환공 데려올 등산화 사이프 1812 Ever 보험공사 샹그릴라 028260 산미 PTS 다혈질 메트리 바주카 타카시 곧이곧대로 도해 서포 태상 Fan 클램프 군사령관 어영부영 조심조심 야트 활강 AAC CCO DXY 광교산 돋아나 동거인 문성현 크림슨 전기장판 감쌀 검시 액과 처짐 쾌척 방국 보모 포머 ##마이드 cia 미사키 버려져 자치령 CCFL 달라진다는 봉분 상놈 색도 여영 조보 지젤 ##메이슨 김주혁 애스턴 웅진케미칼 ##깨나 하겐 085 2270 패가망신 몬테네그로 iv 쟁여 책사 수작질 국제중재 애드리브 소선거구제 ##ifornia 검인 준리 토레 글짓기 불지르 정당인 천호동 ##불가 ##펠드 Ban 해오름 house Hybrid Regional 레반 연역 진체 윤병세 근자 생방 외웠 DBS 프레데릭 jc 아말 왜란 원판결 이원론 막창 스커드 엘이디 다현 심함 약산 얕보 kHz 뒤덮여 레드햇 할애비 Tank 페가수스 간토 변양 웅크 은진 낮춘다는 한반도기 Labor ##둘레 ##박산 갈마 북어 산서 말려서 매긴다 하현회 ##패션 ##렌드라 대소변 신의칙 최근호 Gate 천년만년 Blood 바리케이드 다달 묘안 흑화 ##메시스 곁들였 김영석 우수수 Body Uber 공항버스 보냈으며 프로테스탄 광탈 쏴라 우람 Cer 사모아 황치열 세바스찬 어벤저스 급했 번즈 사국 등산복 보강재 리진 터도 앞지른 밀스 식한 아레 엘자 정겹 지일 뒤틀리 먹여야 인솔자 ##대계 이속 투서 황야 뒤처져 얼간이 DBMS 마르코스 시달려야 쌍두마차 Hello Oxide ##오루 ##전도 급가 고달픈 권태신 유영민 티라노 하운드 3650 yield 배근 뺀다 SSR 류승룡 ##ronic 디카페인 임피던스 ##문학 교합 권도 문충 로망스 제과업 ##지옥 군항 난류 못가 샤우 입부 PNG 완료시 ##OO ##요커 규소 뉴엘 리센 퇴식 김도연 김연수 뉴요커 털어먹 백년대계 안토시아닌 ##로틴 내관 송무 저성 테제 황순 구데기 닥터스 마인츠 전봉준 정성훈 집필진 1179 백방 재양 짜깁 총열 교육사 road Dollar 봉창 빅텍 삼족 팔순 해면 ##닥다리 이경우 자살자 사라진다는 골디 로큰 성석 첨탑 타란 ##코스테 Sen Was 겨룬다 투자주 흔든다 곤잘레스 들이마시 백해무익 닙의 상배 화술 혼합비 cross 융사 제군 어린놈 정비소 설익 성왕 작과 해버 훤칠 농업계 돌팔이 쓸려고 엥겔스 여보세요 kyustar ##uff 물림 ##ustr 이대훈 자나깨나 모라토리엄 배불 송희 엘베 조생 착신 고준희 순환로 이은정 하네스 Fuel 이루어진다면 변의 ##뮤지스 그려야 나랏빚 보물섬 나인뮤지스 이기주의자 ##메탈 KY 묵호 스탠튼 NASH ##endent History ##절레 정보관 폰뱅킹 출렁다리 Ring 그래픽스 리노공업 처해진다 괴변 휴고 ##head 코나미 절레절레 eq 건별 터틀넥 허경환 인공수정 WORLD ##점프 더웠 복약 KRW 구인회 은행가 이케다 주택구 1123 Coop 무서운가 연자 ##astr cns 윤준 농민공 눌러야 크로커 리치먼드 후쿠시마현 change 검붉 약지 이록 째려 최흥식 1105 차벽 생성물 조정자 누울 만원 키바 토나 헐벗 헛점 목표지 열분해 스테파노 끄트 칠보 ##클래스 부재중 테이저 쌉싸 용연 코토 콩트 필력 헤메 ocn 헤이스 남해화학 207940 FTC IMS MNO 드럼통 Commission 레리 포코 강바닥 미워할 ##네요 ##성큼 ##접기 임오 daily 물빛 심금 AND 정태영 진옥동 1012 qled 맞아떨어졌 ##화산 기평 쌩쌩 ##버그린 UTC 중산층 대우중공업 통합민주당 채석 ##anding odong 032640 ##bot ##ila 기백 CHI 길버트 김지원 워스트 조정석 하야시 때려치우 성큼성큼 Leader ##날쑥 ##택일 매정 앨버 왜인 차문 탁구장 언더그라운드 ##PE EO 강고 어혈 피엘 ##쑥날쑥 IDT 문교부 해버릴 아오모리 에버그린 ##결의 ##상제 ##iny 유회 미즈키 깔아 옥길 용단 행여나 가스보일러 살아간다는 메조 산심 용변 혈색 PFV 건넨다 소책자 취해진 ##청정 Vi 원창 자실 천해 ##ante Tab 노르트 무라타 외로워 울궈먹 ##여구 계선 철봉 ##imum SCR 엘타워 흑기사 1289 다가와서 누들 외척 퀘이 핑안 해표 pjy 들여라 작성법 레드와인 오른다면 로점 을가 인중 제화 ENG 밝혀낼 인본주의 당호 요행 eth 김현희 서북쪽 의열단 이동권 장나라 종이접기 즐겨찾기 통행금지 health ᅡᄅ 덧없 서형 합정 다카시 대장염 최종호 클라우 Solid xDrive 꼬장 노나 답지 대악 봉래 원임 재실 추우 배송지 Tower ##터기 인우 일익 넌센스 Joint 탱자 ##라리온 HBO 김대현 몰아친 받아들일지 시에라리온 정격 가양동 납치범 펄럭이 인포메이션 체크포인트 ##으니까 소공연 노즈 단간 미접 역의 일편 임광 노소영 메스꺼 입문서 Again ##뚝이 송곳니 FH 얄밉 유등 유폐 CFD 로큰롤 아이리 Summary 금배 월호 대해야 레이티 평가익 공공미술 ##len 되먹 무토 밀키 신토 역신 우씨 Bow 김재수 짤라야 풋고추 ##법률심판 Dong Shift 프로스펙스 위헌법률심판 링커 미더 박혁 영내 의한다 이승준 재입국 Farm 스피노자 나데 불룩 삼자 교차점 밭작물 시미즈 코걸이 한다지만 ##섹스 종정 경고문 세스코 나크 눈발 세한 신윤 Wes 포이즌 0111 강황 동탑 병약 병환 숙려 윤제 철재 aws 가려운 대사전 산호초 유강남 turn ##KS 난야 석산 용준 탁스 홍철 sat 서러운 1811 이오니아 마이크로닷 프로야구단 농토 배탈 손책 시빅 다림질 내보낸다 sb 굽실 송정역 신이치 오염물 콧방귀 이성애자 Queen rights 누름 용출 회칙 ##ores 트뤼도 미사여구 ##여진 속할 발갱이 쉬워질 Joseph ##방네 가꾼 건망 베츠 경사도 해빙기 1116 들쑥날쑥 삐걱거리 ##elt 남코 태호 해질수록 ##나요 ##커니 ##커우 세영 윤승 진균 홍윤 gas 구정물 턱시도 ##ports 끄트머리 면한 생부 가공유 신세경 재떨이 동네방네 알칸타라 학수고대 르바 AEO Eye 끊어질 대주자 서지현 잔여물 ##aps ##iva 중건 핼리 FNC 새뮤얼 생뚱맞 시냇물 점령군 판정승 휘둘려 1114 Ship 카푸치노 구개 만담 이큐 저린 AWD see 장외거래 다요 여망 쫀쫀 찬열 김고은 사그라 족집게 헷갈려 1854 아라파트 당계 설자리 1333 무서워요 pg 티노 실버타운 프레데터 ##밍턴 rs 새것 예조 허고 김은혜 방충망 짜맞추 ##EAR 가내 되사 무구 애터 틔워 패퇴 분석력 전해야 ##strate 두리번거리 쓸어버려야 숨죽 출강 키티 HLB 데시벨 타슈켄트 해봅시다 ##Co ##팔방 동음 드락 잭스 퇴위 가해질 이제동 세지 MAS SDJ hah 조병옥 조정위 창신동 통일원 cent ##MCO ##rup 군번 따사 저시 펀트 페론 ##flix 이천수 차용증 찾아낸다 XE 일밤 정향 초목 피습 합쳤 이시다 일렉트론 석도 호노 Les 금지명령 드로이드 오라버니 금권 당길 하군 ABB 돔구장 미코토 이지은 잡아끌 풀어낼 마이어스 이러저러 ##운항 국통 낙향 라냐 베아 조길 ##와이저 카구라 버드와이저 ##라블 김조 대풍 성물 여액 채은 패니 피르 후버 TIP 슬러리 돼지갈비 ##집권 ##eca 과립 위직 ##빌라이 ##아비브 NOx 김영선 드려서 밤나무 대독 렉터 송선 옥녀 나혜석 당할지 마사코 무대응 브로스 알킬기 떨어질까 보시라이 신문협회 ##역학 ##연습 ᅳ이 당쟁 범접 앤젤 이몽 함마 ##older ##kl ##더블 ##사화 국금 복덕 수막염 최승호 텔아비브 Surprise 조옷 즉위식 kist Summit 연놈 몽타주 미끄럼틀 즐거워했 space 오브라이언 쁘라 콜론 동북쪽 역무원 이리도 갈릴레이 아름드리 ##효성 아과 윤관석 이병훈 review 불찰 은계 키네 LOC 여신상 초보자 가선 무선망 바인딩 face 금융조합 뉴저지주 밀리언셀러 챘 ##무럭 완용 웃어 cas girl hist ##CT 말차 정헌 참숯 Chi 성형술 예능인 이행기 자매지 카투사 Matt 하회마을 대투 토단 김종수 이태준 잊혀졌 트위드 홍은동 묵혀 불공 속구 할멈 내버리 부풀렸 어쨌건 이노스 PART 무솔리니 납시 연질 자긴 Tip 동질감 아키오 gold 차이콥스키 백병 시성 BOX 김상희 이현승 폭발음 ##ocket 3840 받아들여서 신혜 leg ##oline 소아마비 어울린다고 ##채널 색색 구조법 매각익 용접기 Normal Fa 병정 풍비 cpu 하루살이 허윤 Lag 오류동 이경재 일본제 킹스맨 따진다면 ##igation 앳된 제마 행크 KTL 스퍼트 스피리 ##타고라스 ASEM happy 박새 이맹 성창호 조명래 Sweet 괴성 능이 살돈 김성민 뒤풀이 마티아 실험동물 석불 내게도 의문시 tour 디플레이 상부상조 ##minist 거야 나찌 노들 음표 코그 대리모 오설록 지난다 SCFI 킬로와트 불승 수림 문예지 서라도 소림사 전전주 추모비 1128 CBOT Louis SUPER energy 로럴 밀로 불판 빈치 정음 탁론 골라내 김영배 드래건 로스엔 수메르 이러한 날카로워 로스엔젤레스 ##린스 ##시리 카버 날라오 감옥살이 ##계사 ##내면 용차 증분 퍼뜩 SNL 부어서 잠재의식 Issue 도날드 일상복 언더우드 오사카부 올드보이 Morgan 신송 포박 SPV mwc 박살났 ##cho ##iod ᄁ야 냉난 어안 후시 들이키 limj 스핑크스 문막 새신 악다 연서 우공 인차 니기미 섣부르 수녀원 입후보 EE 석춘 오붓 급결제 김병철 안데르센 북북 시용 안선 최미 모노톤 CAPE 에어로졸 Living 팔랑 웨스팅 전나무 체육복 교원노조 웨스팅하우스 동초 으되 레인콤 모리츠 형제단 안전거리 질곡 화차 ##거스틴 Ice 레오나 중대사 판촉전 ##ili 개근 교생 용재 ##디스크 ##comm 김병연 쏘아붙 정동원 조물주 맞닥뜨린 univers ##소금 ##지뢰 ##지종 나뿐 자알 천룡 풍화 헛간 브로우 학부형 1849 행정절차 Ready 난티 라쿤 신율 용신 이파 tpp van 광역화 밀수입 이용우 에두아르 ##염불 얼스 가팔라 에이비 기어다니 주택은행 공선 늘여 측위 088 ##주춤 모근 모우 문벌 본행 약분 적실 BRA 하승진 sport ##스카 맨홀 버벌 진교 한모 혜린 ICD 하급심 Wild 단조로운 물어봐도 테네시주 ##추위 패당 가집니다 지킨다고 독립선언서 광적 일궜 hPa 농사지 유기질 오카리나 자초지종 휘몰아치 오석 카젬 페페 편다 에스페 윤영찬 이수화학 디플레이터 꽂혔 와드 용은 위압 ᄄᄅᄋ 길림성 데려갈 멜라민 신민아 엎드린 조르주 중기업 타블렛 ##thing 볼튼 킬리 향도 Fix 과소비 마셔라 미켈슨 연다는 종합지 측정치 baby 기처 넘칠 촛대 떼거리 멈춰선 봐주지 input ##key 던컨 귓속말 에프엠 혜화동 ##냥이 조훈 건축자 맡겨라 신도심 연기군 ##경비구역 공동경비구역 은비 입적 SMC 이선희 자빠진 ##건설산업 ##acker 마츠모토 일으킨다는 Switch 관차 니더 짝짓 ##자일렌 IOS 경무관 멜리사 시치미 체질량 나렌드라 동양건설산업 ##해차 ##For 브록 새미 치크 포백 세척기 틀어쥐 1026 GSAT 국민연대 부풀려진 휘둥그레 ##고물 양촌 연실 임현 join 생활용수 이집트인 제이콥스 Advis Jones 백재 샤리 최한 027 Hom 소음기 워크맨 FSRU 녹아내리 트랜스미션 오반 용궁 데자뷰 Carl 무럭무럭 고태 기편 남전 부우 시맨 dgb 무효표 ##CL ##비만 안흥 임준 mit 김지연 자전거길 가봉 동단 임은 권칠승 금명간 아현동 차차차 school ##ZA ##기들 ##리터 검안 단량 판공 바른다 ##ribution 내향 더뎠 시버 케첩 지켜오 ##아트센터 들어올려 팬케이크 ##불출 찡찡 김혜자 족제비 큰스님 불요불급 통일연구원 NW 대운 최익 호정 GDS 일반석 애통 cac 돌이키 푸르른 내다본다 경국 공극 꿀리 듀이 레빈 쇄골 곽도원 당산동 부유세 지다 찬동 헹구 Fox 김형렬 여겨야 지선우 해군력 1845 알아봅니다 ##살림 다테 온주 후부 Mig 돌덩이 맥그리 타케시 더해진다 small 공동대책위원회 끝물 반유 포테 어림없 엘리사 기재사항 준이치로 부끄러워하 바락 어허 age 돌려도 리졸브 법정형 임팔라 Fish jung Commerce 덜렁 데비 설킨 속어 천덕 Ash 감싸안 이동건 인도양 저축액 lp 조울 코츠 통공 JYJ 김상호 배수로 윈프리 주급 현풍 ##사이틀 NDA 탈리아 리사이틀 ##피온 블랜 연감 김동관 센고쿠 1017 ##카즈 선학 영이 재재 GRA PEG 결승점 부러울 1007 Transport ##세서 기풍 노략 발림 양각 울렁 흥건 이라이 십시일반 어떠세요 하와이안 곤궁 육전 홀라 ##싸대기 류성룡 불장난 슬래시 심한데 KIAT trading 사우스캐롤라이나 jj 가뿐 전몰 인어공주 촌철살인 차이코프스키 매세 슬랙스 틀어진 흥신소 3450 걷어붙였 이뤄졌기 허송세월 니르 동어 부계 CSF OBT 냐면은 시코쿠 Eric 플레이버 iM 광화 독전 약침 탯줄 하울 약올리 운전병 이에스 하사관 학생회관 Telecom ##토프 ##ipl 서간 아용 차준 구룡포 거둬들였 깍아내리 사방팔방 김백 가비아 아오키 한국전기안전공사 뭔일 핏빛 Nex Pil RTD 아르노 체육학 ##브라이트 file ##본동 ##사판 ##agn 교반 하려 ##마트라 ##수용소 그리웠 으셨던 일곱째 수마트라 카나리아 ##아제 십이 억척 pot 고민구 박기영 타고났 하인즈 가져와야 Guide 덧입 신단 짱짱 채수 태계 IOT 둔촌동 사스케 점성술 ##데리 ##정변 ##패치 처져 팬서 불개미 송은범 쉬우며 스노든 아모스 참전국 1132 사로잡혔 video 돌아온다는 배소 Mas SHA 경제사 이동진 타타르 입후보자 1014 stock 아닐지라도 ##MR ##쿠치 Ly 권법 수민 약리 잠잘 DIS 김재중 옷자락 윌리스 이종현 정지원 형사법 내렸으나 악다구니 가화 구병 박천 애향 을께 GDR 박병원 헌팅턴 니당 쥐띠 김용만 손봐야 이무기 캐노피 노선버스 아세테이트 ##고만 oz 슈너 DIP 들어온다고 QA 산등 호일 맞고소 베이루트 줄어듭니다 코오롱건설 ##생심 ##터널 ##kin 외생 팔월 말조심 무착륙 유희관 자취방 hahaha ᄁ는 디미 쓰루 흥해 버티컬 후다닥 사라집니다 California 하기 ##넘어가 나르시 느껴볼 마릴린 만수르 에어리 친아버지 극형 프톨 ##레마이 섬마을 윤보선 이재선 지하층 2980 양자택일 ##레마이오스 자유민주당 프톨레마이오스 ##꼬치 ##처제 무경 ##View 028 Jim 특장차 허영심 ##염화 ##isc ##umn 발칙 살모 아녔 취기 페데 레이프 이석우 지진희 팔색조 0023 대동단결 자립생활 Reality ke 디브 화설 csi 깨진다 이영학 PLCC ##기관 개복 구곡 색시 라잖아 물고문 양육자 공중위생 내맘대로 매리너스 루브 1185 설치미술 인명사전 후지와라 ##블록 겁탈 도학 오방 저면 회현동 꽃샘추위 Manufacturing Lu 강류 놀람 모루 봉구 was 결정판 파세코 기했 수통 승단 외이 지숙 경합주 공명당 불가분 살모넬라 kangse 쁜 뻗쳐 지행 코티 WMD 문화인 방청석 여운형 윤두준 지구인 chip 바이애슬론 ##효준 간발 공운 군들 다함 볼락 삐끗 안용 혜자 가르마 모래알 세워질 Princ ##에돔 더킹 품인 흉하 퓰리처 어드밴티지 통해서라도 family ##머시 ##칠기 승원 아령 침술 SLS Var 전교생 ##itial 팬택계열 ##egment Urban 한화이글스 Materials 본초 제업 중인 움츠리 징수액 효능감 새천년민주당 ##aim 발연 통시 회천 거려서 중앙값 Hero Viet 동아프리카 중앙고속도로 ##dot 도희 ##동사니 원더스 이상원 중이염 충격음 EXID 파안대소 ##ground 뒹 네루 마설 본적 편당 066 강성훈 그늘진 무신론 신월동 ##워딩 도브 랜더 리신 안들 오에 ##olic ##room 꾸미기 Search 안철 탄피 효심 권영길 주둔군 환율제 1392 맥그리거 모리셔스 두상 산복 씽씽 토란 067 TES 카타리 나전칠기 브리지스톤 등짝 명판 삼창 암약 환난 휠씬 주물러 포워딩 1086 되살아날 Shanghai ##프렌 사북 우희 파구 Tai 김상균 깜박이 승냥이 MEMS 가정교육 모자란다 이브닝 하르트 노동자당 상중 축일 할미 흉측 윤태호 인상주의 Camera 복건 설지 입기 정합 트여 파판 뽕나무 택해야 Mode 등잔 소전 완력 원국 원역 쥐죽 퀸스 Pip 남궁훈 아카리 인데도 ##posure 파직 026 최민식 함석헌 ##가죽 ##고백 ##상품 림프구 조사료 느껴져서 묵향 밀과 이향 해드 그루폰 ##quency Esc 산스크 이동현 중성화 들어옵니다 산스크리트 090430 Author ##ION 갈통 입경 휴처 itc pef 츠바사 우트 운남 Dar 사천시 상수리 심은경 1201 ##대역 각의 균수 노박 만의 번안 선령 중편 직소 쿤스 강심장 모자람 상비군 소양인 여인숙 1018 떠난다는 ##성쇠 pjh 가짓수 GRDP 오르막길 하비에르 국새 졸자 승정원 오래전 토빈세 환풍기 샤머니즘 스키점프 이긴다고 ##세운 보협 저전 천군 ##fore AOS 김규정 민속촌 어줍잖 우면산 제작물 conc scmp 줄인다고 ##마쓰 베낀 씨발 은의 GOT skc 감사제 김용균 ##른베르크 Cover 스포츠서울 ##매치 ##왕릉 게슈 주네 Nic ash 공작물 김광림 만주족 박성훈 FCEV Edward Collection ##글로 무동 흡습 ᄐᄏᄏ 브루킹 장사진 비관론자 사라져서 엘에스티 ᄋᄇ 군아 나가수 어리숙 바이마르 신앙고백 ##가물 끄적 동삼 첨복 김은희 1618 볼멘소리 빠를수록 스트라스 죽인다고 SETEC 에듀케이션 ##멍구 독불 리정 원삼 조총 ##iner Sor 사기질 쌀가루 영연방 육각형 1009 1824 독불장군 일어난다고 ##야샤 번주 꽃향기 우루스 이재준 조성환 세웠으며 링고 운암 페러 차은택 호재성 1519 1853 네이멍구 ##긋불 ##소침 곤살 일순 ##긋불긋 간접비 메모장 여주군 1366 의기소침 한가운데 발도 선권 오천 mor 고친다 동천동 삽입곡 여학교 장마당 접미사 피아제 이누야샤 파렴치범 패러글라이딩 ##텍트 철옹 치리 토파 하렘 ##레이디 Lov 따진다 Stan 다이너스 Common lf 시해 트기 포포 상환금 투기자 communication ##NET 꺼릴 월리 이특 칠갑 폴스 극비리 반월당 정몽헌 ##서류 모계 비알 생검 임선 추노 필통 옮겨오 포린 루퍼트 장현수 회전력 1145 2950 ##iph 레퀴 호밀 총무처 1124 invest rm 기녀 말벗 무병 ##꼭대기 강기갑 도요다 미래엔 이상설 후백제 의붓아들 통합교육 ij 격해 냉해 1805 스나이더 VT 매탄 천운 카비 한만 내려준 에이서 Dead lock 다죠 윤세 초절 PBV 그래두 노총각 미나토 쫒겨나 산꼭대기 헬로키티 샛길 시복 한종희 고해성사 앞당겨졌 주어진다면 ##안석 내저 부등 염좌 외구 답례품 1006 가져다준 ##바삭 ##우파 ##치사 신품 웃길 즐거울 권수 새한 질스 처다보 1718 으려다가 눈짓 소류 지핀 타즈 Dut Rap 렵니다 출입금 활황세 Prop 중구난방 daero ##갈피 위서 ##테이블 벵에돔 가물가물 덧붙여서 타이거스 Major 몬데 포물 빈도수 미래학자 비회원국 Right ##cul 객주 외울 원증 ##보기술 GEN 낚싯배 물어내 부스럼 세련된 위르겐 페넌트 아드레날린 연후 차나 Ped UST WWW 식사량 최은영 ##정보기술 0030 ##펠트 ##aly 겨룰 다워 라잔 삼례 축원 리어카 불어닥 ##계단 ##자식 코헨 튜링 ENS FLA 건망증 브랜트 새로울 쿠오모 클로저 Daniel 일우 중회 둔산동 소작농 펠프스 애틀랜틱 워크스테이션 경문 니야 아조 탁신 포클 폭신 시신경 영동선 점심때 중앙군 매쉬 보테 텔라 티온 폐부 ##하이드 ##itle CGM 와서야 찹쌀떡 행동거지 올라간다는 곳도 과원 진창 치기 cpi Grid 산탄데르 전자사전 action ##디언 ##하워 강군 라코 인력거 주세법 ##urity ##셔틀 ##UND lv 주강 피넛 서투른 연락망 이미용 장준하 들으려고 디스패치 아이젠하워 특소 시마네 화정동 대방건설 cookie 한국방송공사 망구 습작 적선 종지 금호강 달려갈 버스커 시모노 오스코 입법권 집현전 카이엔 건드려서 ho 용무 친왕 경질유 북돋우 불스원 엿보였 케인즈 마이바흐 ##종려 자요 Lev 크리켓 EXPO 이뤄지던 되받 문달 중교 대홍수 마리안 올랐었 잔주름 조준경 기어오르 Option Ethylene ##기침 복업 재허 ##레미야 ANS dsr ssd 교체기 라몬 역린 연배 추축 홍릉 HBS 고리대 영도자 찔끔찔 That Yang 예레미야 ##economy ##Me ##UI ##도둑 ##섀도 라더 성례 욕정 메이스 신승훈 1196 Professional 내마 시파 포세 홍모 위증죄 지소연 걷어붙이 ##렐레 리놀 아악 김지하 내려놔 클린업 폐경기 데스매치 불볕더위 아이섀도 ##추적 차드 쿠파 ##ques hom 군사용 라일락 사이키 Femme ##iro 구군 밀회 토퍼 ##기스칸 Gra 교역자 권오갑 브란트 한상균 ##ainer 브루킹스 아비규환 MATIC ##SP ##놀즈 ##디지 ##반사 티자 ##종려상 ##tein 구좌읍 모래밭 황석영 중간중간 올라갑니다 황금종려상 케도 로데이 베스타 빨래방 선보임 신영자 바다낚시 바리새인 리플레이션 Division 터드 급진전 김용호 알아챘 circ Shadow ##ved 링깃 이흥 자용 ##ahwa 이용주 이종구 전달자 ##ample ##aba 당차 신숙 풍월 ##atale 1795 꿀맛 김경래 랄까요 마그넷 올라감 1154 1216 week 부이사관 check white outperform 곤장 교와 대료 BIT Rot 리플리 방백신 부대끼 합격선 반변 컨틴 ##대장경 Gun 강운태 김명환 물어도 스윙스 때려죽이 오토매틱 컨틴전시 ##기자 ##백서 총비 Aff 받아치 보이저 위령제 ##벽력 노제 USS 김도훈 다툰다 대환영 브리트 어글리 온다며 초가을 해당자 0068 ##MU YB 창아 ##튜어트 공탁금 분홍빛 뽑아낼 쌈박질 적정선 파라자일렌 ##QI 대드 ##STER 마찬가 백전백 ##모그래피 ##cy ##라르 ##연필 눅눅 알싸 은경 임석 탁한 CLI bsi 공염불 내던져 문채원 빵셔틀 재활용 킥오프 ##ality Pier 주춤거리 false Johnson ##리크 어언 통섭 다우니 ##df 코민 기호학 ##berry 시달린다 ##bu 계고 다아 로유 여로 ##라운지 ##ists KIN 국경세 도봉산 페트라 FEED 앞당겨진 가빈 보감 횡재 거추장 양송이 저혈압 한예슬 얻어터지 사라졌으면 performance 간택 퀴리 허핑 Dam 계획표 수제비 파인더 1842 복주머니 겨뤄 끼움 박만 우문 젖산 훈춘 뜯어낸 록하트 카이토 next 만드세요 논과 모항 민서 추카 브루잉 주진모 ##rency 바다거북 ##골드 ##팔기 Fu 노와 문조 석남 ##스터드 ##자지껄 공모채 스퀴즈 실습생 왁자지껄 application ##은꼴 공녀 데블 전강 꽃피우 으리란 적격자 할란다 울긋불긋 재활용률 저체온증 용례 쿼크 혜선 갈아탔 감시망 에버턴 이맹희 전화선 정보량 태국어 ##바고 ##해결 불계 해먹 boj 마도사 전도연 화생방 ##결단 ##불망 부커 성게 소야 얼음물 정다운 3080 능구렁이 삼환기업 낼름 무혈 세배 안세 파독 희진 095 골절상 도야마 1085 생겼으면 스카이라운지 Champion ##나티 ##틀린 교본 근평 내차 당질 슬플 충직 ##고비나 ##엣가시 ##wang Cab 과체중 곽노현 그을린 김정식 ##체고비나 ##ytics 턴테이블 호남고속도로 ##itiative 광이 단재 달가 용주 족욕 베이코 양진호 요지경 콰이어 1833 눈엣가시 레이놀즈 프로파간다 ##브덴 ##tic 느렸 풍만 갈릴리 소머리 시나이 구성요건 서둘러서 capital ##꼬대 ##sky 농노 베페 원명 족벌 탐하 071 beh 김경준 마틸다 미하엘 사고사 죽어나 talk NHTSA ##오밍 숙모 임나 치석 코렌 황용 고대인 도상환 모여야 암사동 환전소 1127 wt 뒈져 액스 분류기 1839 appl 대형트럭 타치바나 ##ECK ##ilt 축량 김대업 이개호 카르타 트렌트 페르시 브리스톨 알톤스포츠 ##무덤 민담 선현 율하 정위 효민 흥업 광전사 미뤄볼 이소라 최지우 만매 물밀 융기 인창 ##밀리아 ##TOXX 맡겨서 허둥대 ##zen 곁눈 물물 산거 창춘 측천 ARF 영상관 잠꼬대 재경위 이라던지 저개발국 애프터서비스 승일 전번 핑클 끈적임 날라리 돈지랄 주관식 편입생 왕십리역 number 류큐 풀러 Pad 원심력 파타고니아 Wireless 우일 최무 기능장 마우리 새파란 식도락 ##클라우스 군고구마 ##당착 덧셈 망포 아약 어간 품속 공돌이 이동우 전라선 홍제동 1817 ##GMP 슈바 엘러 페지 Dol TLC 고문서 크루저 플로라 후라이 사생결단 수소폭탄 서판 효리 ATC GVC 김승환 제이앤 Mall story Communications ##OSS 우짤 꺼낸다 윤용로 클로스 협동심 1365 야마가타 관세음보살 잡일 Lyn 대진표 유영철 쳐다볼 갑주 갖다 특무 황개 황달 닮은꼴 소환장 구닥다리 ##공신 YA 센다 단연코 의무자 1598 mass Tv 버력 이생 ##터스쿨 릴리프 폐족 들이마 바이칼 신고인 휴지기 ##사냥 ##피터 기견 동군 코원 하악 개머리 이맥스 찢어질 합정역 애프터스쿨 허우적거리 웬지 천추 호상 모아도 옮겨라 1218 성인군자 와이오밍 ##사인 개스 낙석 동통 매독 영포 기도문 이치고 인간사 혼외자 포항시장 ##Qu ##개석 ##페라 라방 정처 076 HMG 사례금 농자 선용 소복 장림 화친 키신저 ##술수 멸공 떠나간 Survey 노시 샤아 통발 퇴서 피피 호진 바라봐 선수협 조교사 코타로 1134 3355 자가당착 India 기렸 낮술 박전 ##ango 김영미 대도시 뒤쳐져 생활지 아이치 에몬스 Daum 잡동사니 ##엠피 ##컴컴 가영 선셋 아치형 훔쳐서 리얼타임 내거 면학 변소 용공 진스 ##강아지 러서야 plat 몸뚱아리 트래비스 ##베즈 ##예스 멸족 보검 세서 야르 증급 진재 천산 혼령 ADS 가지런 버릴라 완충재 0014 0110 special 경황 괴기 죽림 CMC 냉장실 라세미 학살자 권모술수 무자격자 삼천리자전거 명현 오봉 토피 김흥국 야나기 철갑탄 1809 나온다며 남획 덕풍 뒷수 디쉬 콤프 끓여서 미소년 짜여져 출판인 CSOT 트라이브 ##illing KBSTAR ##su 박의 부캐 원술 질권 아스파라거스 ##그만 ##GBI 리네 뻘뻘 인촌 태어 oci 공관장 송진우 표준액 Select 사약 사운 혹성 화식 가등기 브레멘 성가신 쏘아대 오스본 저술가 회전식 라코스테 ##idence 감감 부아 조철 판인 허연 소각로 이소영 Final ##iga sg 남규 에딘 조밀 필즈 ##소비세 방시혁 이격도 지휘소 최준석 1075 바티스타 솔트레이크 ##포라 대말 매여 신국 흥겹 081 DMS 개발지 김효진 끝마쳤 빠져야 ##산제 뽀얀 김좌진 카렌스 1019 지방소비세 민성 김전일 소린데 에스터 1102 Things 고색 뗀다 치트 홍련 ##cial Sab 라이코 오재원 공화주의 ZK 고세 좌뇌 키르 파텔 ##개발원 DSM 자기편 지어낸 Prem 괴팍 당화 청음 이종명 효고현 공동운항 성하 약함 창기 사일런트 유은 엔리케 코스터 event Square cmr 관람자 류병화 메콩강 이원일 장병완 쫓겨날 1131 한국교육개발원 ##틴토 가넷 부도나 부원료 원혜영 눈썰매장 리오틴토 이판사판 ##석회 겹칠 송준 하멜 호라 ARC 끓인다 발한다 예산제 오트밀 준조세 크레파스 Support 기식 위부 표선 한별 호계 나루터 내보였 석회암 조범현 튀르크 우두커니 출출 아르셀 흥망성쇠 ##ez 설인 아흔 ##거리역 dpa san 공병호 나카노 디펜더 말라위 물난리 어두컴컴 범선 서흥 정방 십이지장 촌극 대흥동 스토케 퇴계원 content ##저당 꼬불 엽록 일렀 MED 금융청 ##괴석 해년 꽈배기 수세기 ##undai 어루만져 판타지오 건초 도문 쌍벽 월광 임이 찾기 RPC Rog Sar 거지꼴 분대장 제빵사 총무과 투덜대 강보 끌렸 잠드 ##나루역 백악기 피에로 하이스쿨 누그러뜨리 메인프레임 깍듯 038 내부망 복제품 산자이 테이지 뉘른베르크 받아들여져 곱셈 불독 엔유 특인 LDL 수필집 아담스 pool 두발 래치 모수 진골 남영동 마젠타 선언식 중진국 학생복 사쿠라이 ##nection select ##직장 김금 좌동 쥐잡 초크 푸들 황승 효원 JPY 대포동 좁혀진 GSMA ##안일 귀염 설토 Sel fwd 베가스 사느냐 이재우 조울증 Cort Anton media sq tm 가목 떨기 용안 치맛 컬리지 1597 ##구경 꼭짓 덕천 페녹 슈트라 1153 CFTC 데이비슨 스플래시 배산 GRS 꼭짓점 단칸방 대회전 아나키스트 옥내 판장 현동 황철 EMR inf 리플렉 추간판 모하마드 ##탈환 노발 와퍼 월평 파혼 퐁당 한큐 브리검 엠블렘 월미도 전기톱 코페르 ##데하이드 형질전환 Weconomy ##거미 결근 동보 삼복 CVS DTC 노가리 밀반출 이종훈 가마쿠라 살린다고 익금 기도원 꼴뚜기 디와이 머시기 버밍엄 혈액원 교통경찰 에어라인 ##uke 설진 정든 키릴 nfc sap 몰도바 무식한 재탈환 화물칸 기왕이면 슈트라우스 ##멸렬 ##웅래 ##정사 ##테른 ##팔자 ##cha 동축 ##브로프 CPT 꽃망울 나이까 뿌려진 산증인 용두동 대전일보 발렌티노 ##ht ##타진 무극 박복 총결 라니냐 이즈음 2592 Page 지리멸렬 혜란 던져진 마셔서 신들린 아이핀 코미코 플라멩 고기잡이 Youth Window ##끈적 ##냄비 ##찬란 광광 번외 산안 왕명 후딱 BOD 느려서 박완수 떠내려가 로드리고 올리비에 찔끔찔끔 스트라우스 ##레로 ##링스 피차 군량미 이사비 이재수 플리츠 hwahwa 가작 경아 금비 진데 추증 솟구쳐 양용은 1151 나비효과 graph 어슬렁거리 ##혐오 김새 출병 ##타이저 김한수 부기장 끈적끈적 Peace HN 억누 불러모 통행세 폐결핵 1136 6250 035760 고차 동숭 백광 인듐 건조대 백령도 ##mania 1791 2036 게르마늄 반아 백리 세하 갑각류 눈부심 엄태웅 바빌로니아 ##ultural ##엠코 ##창고 ##현경 궁내 급정 비에 새봄 연잎 영랑 외골 초아 ngo 정준호 탄소강 고사성어 귀기울이 현대엠코 ##긴장 신현준 아달라 자이언티 ##UB ##수르 오투 ART 남재준 된장국 머스캣 소요량 ##집산 ##털이 망동 송암 주실 결정시 포크볼 풀려서 샌디스크 ##오케 기쁠 학무 김생민 농업은행 애프터눈 August Modern 해송 판자촌 하기스 가벼워진 멀찌감치 질스튜어트 남승 마관 삼덕 이멜 창달 하두 ##트랙트 PIR 마당극 반도유 알론소 연루자 오세아 보헤미아 이합집산 JL 발모 피인 훤하 양식업 이상규 이희범 1792 aeri 이뤄진다고 Ob 넬리 명반 엠스 오린 축년 mat 근근이 동우회 이탈로 휘슬러 남대문시장 폴라로이드 ##분쟁 ##일전 ##onh 견딘 날자 비류 서봉 하준 효험 타개책 1228 신도림역 후라이팬 ##동체 들썩였 박정민 아구창 용두사 좌의정 총지휘 다자주의 터치패드 호르몬제 맞아떨어진 궁이 대길 ##뮤지션 그려질 마사토 이승한 주모자 평양성 흥얼거리 악동뮤지션 ##aza 과르 꾼다 당김 술어 조퇴 ##akes Tal 마로니 버무린 1025 가까우며 주말농장 나코 조온 준지 ##프리트 거스름 정대현 sell ##냐민 ##olo vi 박싱 범해 조고 해가 휘황 ##워싱턴 몰려온 바쳐서 정성립 1802 HVDC Protection ##덕왕 평과 했다 김춘추 퍼스텍 일망타진 개부 바랜 걸려왔 미확정 베냐민 자동문 채플린 최명길 이브자리 ##경제협력기금 개상 은자 정옥 허프 협과 Apr 변한다는 특허분쟁 TWICE ##유정 ##aro UW MOD 타나카 1836 Garden 광종 구겼 남화 개화파 도매가 심판관 ##apeut 1844 Jung Ye 원숙 플럼 ##yche dom 공범자 메테오 7017 ##비오 소티 임장 질럿 보노보 스튜어 정기편 ##프로세서 Look 원탑 올시다 하이카 ##andom 위풍당당 ##mission ##신당 ##아오 롤스 모잘 ##과천선 ##앱지스 Ram 경사로 ##iable Pure brand 이수앱지스 Kl 하메 082 시계탑 케로로 개과천선 꽃바구니 무사안일 자기소개 Psych 가나가와현 ##vid 당지 록키 나나미 동수원 버스비 안경점 ##구먼 김오 외질 게바라 그로브 불나방 1835 혼연일체 Foundry ##망동 건디 범할 죽치 짚신 회용 글루코 금은방 숫가락 조지워싱턴 032830 두정 조적 048 검찰권 작아진 2280 ##인출 느릴 안민 제야 김재경 대역죄 스토크 애송이 유무죄 장식물 피데스 0117 기암괴석 나들이객 서울문화재단 가거 멍들 민단 작설 작약 짤릴 환도 etc 김종석 다부진 들어먹 미해결 애국주의 견직 신어 유표 산출물 하츠네 아드리안 British 거져 멋졌 서림 술라 김형욱 아방궁 유영하 기독교도 중도우파 ##단심 당긴 자심 절구 당할까 마일즈 터키어 table 페어플레이 ##서클 레타 명약 모치 생겨야 신호기 뻑뻑 에노 포동 풍운 ##릅나무 렀다는 보부상 으셨을 베네딕토 source ##벌판 RW 단소 라딘 이웨 뒷머리 산드라 아약스 FIDO 레드라인 ##hemical 술회 카에 DOS STR 김예령 논픽션 짜집기 Feed 쓰러뜨린 ##jee 나문 노대 열변 원음 태봉 핀트 KSP 검사국 이민우 카오리 뜨락 양미 월요 청한 ##orer 시상대 회색빛 지껄여라 ##카테 득시 학상 호만 내달렸 무연탄 사랑방 산딸기 줬으나 flat 담비 답할 양발 hel 도서실 줍니까 바람개비 대외경제협력기금 늘림 ADD die 김용덕 밤바다 이명수 라브로프 좌고우면 ##ospital ##AH 꼬옥 미유 벤슨 황수 ##ctor 037 헤테로 Austral ##주교 ##주정 늠름 만달 프랙 tag 김복동 시퍼렇 다리우스 ##키드 슈츠 재한 방위성 귀싸대기 우글거리 윈도우즈 Middle 기면 뎅기 스산 엑사 우바 가시마 소모전 손영래 육성재 8750 제조업체인 ##리필 갈려면 마르스 무대책 수사망 스크램 프리퀄 ##관리공단 디아스포라 ##리야 가셔 노희 배병 클링 후위 074 SKU 다슬기 대관식 블라드 식사비 입양아 포그바 하야토 닛코 총검 코닉 태주 마찰력 터키인 KOVO 들여다본 ##대중 ##수심 로한 057 FAX NEV 금어기 발자크 cast 가졌으나 고객감동 권고사직 풀프레임 마려 백낙 복각 어군 여국 금지안 장조림 ##플레이어 서스펜스 iN 부일 프시 ##irth 엑스선 무한리필 몰매 사루 HIT 도경수 빠져도 조봉암 1141 GIST ##매기 ##세일 나귀 불혹 오닌 월액 fac 브랜즈 유리문 중재원 황하나 휴교령 ##utive 1804 Ctrl 부러워하 아우구스 입증책임 기문 CCUS 가둔 개양 면민 뽐뿌 상욱 주래 ##브리아 실증주의 짊어져야 취사선택 gx 베넷 용케 차콜 joo 시골집 체납세 홍문관 로그아웃 프로슈머 ##면세 격월 귀병 여짐 차광 희랍 신일철 윤종용 최고형 하이볼 ##Fatale FemmeFatale ##yoo 갖다대 야요이 후처리 ##커리 ##daq 총비용 ##라프 리머 붕가 폐색 029 TMS 고갯길 공들인 김근식 소비력 해단식 rece 그라나다 달려간다 천하제일 쳐다본다 ##apping ##aki JI 려인 말수 민예 산이 왕상 lag 넓혀야 집행자 field Conver 괴도 민비 파운 049 몰아준 박철우 술주정 외손자 자제력 해넘이 ROTC 청천벽력 theory ##nd 닫혔 덕망 온갓 현고 ##공화당 교정술 ##bound Beat Spirit ##HE ##홍석 급팽창 김영기 다케시 번다는 사진사 야스오 차크라 추념식 Door 다우기술 낙과 리밍 탁원 ##erve 들이미 MySQL 경조 구함 꼬부 놀릴 셀로 소냐 정역 터다 ##입시다 dti 마두로 엘리제 이보영 정성스레 ##점정 권원 떡집 리식 위츠 축농 퀴야 함미 ##argo 086 CDU 목격담 빈대떡 엘시디 취해왔 바삭바삭 일편단심 ##양득 경피 월임 찰자 탈해 내몰릴 정찬우 첨성대 ##근로사업 적법절차 화룡점정 Liquid ##능란 청역 한준 괘씸죄 될려고 키무라 고만고만 아름다울 어긋난다고 이블 팔굽 효수 Ide 도망자 문인화 출력물 ##Point Snow 능수능란 오버로드 우주여행 태어났으면 ##VAL 놔뒀 다쿠 수한 Age normal ##AD 쟈니 퀴는 ##ancy NEO ##공업지구 choi 엘리어트 개성공업지구 급구 낙안 대번 구윤철 나이롱 맞선다 박경리 을려나 중앙로 ##자본주의 ##point 빌어먹을 어거스틴 ##다짐 ##촉매 ##uge 다항 신연 인숙 hmr 장안동 명리 벨루 안봉 김민지 크론병 main 절수 참변 쳐진 이상수 조종당 줄려면 패미컴 SOHO 새삼스레 균질 깎여 문기 팜플 MAR 아라이 얼떨떨 초저녁 폭포수 1056 Bang 하버드대학 position 설동 소등 촌역 072 보였었 열대성 출판업 토오루 하이델 헤네시 일거양득 코페르니 민주주의자 memory ##는다 ##도감 료마 뺑뺑 상례 상모 써냈 살포시 시켜온 이연복 정용기 포승줄 1846 곡률 달링 jik 독립문 라세티 바빠졌 석탄재 집사부 OSEN nt 언락 그저께 진단장 한성부 더치페이 ##발이 노욕 미음 용진 쫄쫄 교세라 내려치 외견상 1799 토마호크 오세아니아 총화 HEA 내몽골 복지부동 sklee ##다즈 구취 뒷방 인겨 무르시 안내장 출렁였 asia 하겐다즈 ##염수 삼베 영가 장공 후인 증조부 차인데 네라 백옥 상형 어련 합선 혼방 SKB 김민철 ##ystal 프랑스령 한국인삼공사 교모 안명 흐드 ##저쩌구 김용준 아식스 주워들 경주시장 스튜어디스 travel ##누아 냉재 서품 포아 화씨 옳바른 피타고라스 ##LAS ##han 풀숲 쓰여져 ##예프스키 1593 무미건조 민주공화당 ##빌리 ##쏘기 범수 북평 엘더 조해 휘호 ##우리말 경포대 무선국 브라만 폴리시 망가뜨린 알베르트 촌스러운 Carrier 나당 두스 와다 호루 KGB 대조영 1522 방사선량 알아차린 ##신사 hg 도복 미림 방서 승현 fgl 목마름 십일조 역전극 투융자 2090 순우리말 이야깃거리 내두 법통 육법 정채 ppt 노선영 늘어졌 보안등 셨으며 요시미 Hans word 상피세포 Huawei 비당 우우 이킹 탯이 확언 ##참모장 국적기 소리쳐 이중근 활쏘기 ##endor 액티비전 불러일으켜 어울린다는 ##acement ##암사 물성 생경 에즈 멕시칸 수장고 식수원 옵서버 쭈꾸미 총참모장 Respons iShares 니이 뚱보 앞수 침침 ##휘발성 리그컵 코페르니쿠스 om 애장 야호 특작 sue 가계약 데려간 부추키 억눌린 자꾸나 자장가 2480 어두워졌 어려운지 인면수심 Complex fb 둔하 변지 자와 ##인출권 GOP 가득차 도와서 1832 특별인출권 퍼스트레이디 ##AL 더함 도룡 법성 계곡물 띄워서 설민석 알폰소 Push 먹자골목 띄엄 와튼 임세 제문 제현 코보 GBP NIK mot 구매처 외쳐야 표트르 공동묘지 집어삼키 sdmun 긍까 록과 부틸 인현 자넷 커싱 ##겁니다 김광진 다녀요 이천시 ##종합기계 1083 1852 GDPR 수양대군 패스포트 폴리염화 먼스 ##ixel adv 김선경 말버릇 1785 ##파시 검기 결번 당간 디딘 ##칼로리 엘에이 을라나 접촉면 토막내 자치행정 Sustainable 다드 여원 kot 놓여진 1613 Town 갈라치기 산악자전거 ##채소 도조 ##ione 김범석 멈춰섰 성가대 아이엘 장기화 장생포 지켜도 1215 Dies 신건 특실 쳐올리 총집결 1097 심기일전 ##frastr 닷지 빈터 양광 입욕 할레 무자본 최용석 7530 ##마는 ##식스 계영 내우 생화 소단 노형욱 이와테 이지현 인간미 조원동 추도사 1156 1636 찰떡궁합 홈서비스 디오니소스 ##절제 Jr 삼킬 지통 def 신성시 우연찮 원동기 잦아졌 래커 변영 클램 대문짝 에스코 외교전 인턴제 일리아 조정원 RCPS team 되돌아갈 렉시 옥이 외적 원면 이족 인금 정판 emb 독해력 짓눌렀 ##민트 꾀병 물종 회대 새엄마 유상호 인격자 자스민 custom ##마마 부선 진흥왕 패리티 1601 1831 징그러운 ##isease ##hibition ##aga 가꿀 슈렉 유근 일연 Emb apt 손호준 카즈마 1121 TOPIX 어쩌구저쩌구 레서 비슈 섬길 청군 jab 결론짓 정지용 미주리주 Rated 기탄 근데도 오를까 정원사 2230 가라오케 ##요섭 운율 임한다 정해인 어쩔려고 근조 낀다 보베 피타 뒷마당 최승근 현무암 cool 원탁회의 피비린내 Momentum MRG Spec 산전수전 Fresh ##봉대 꽃봉 도키 맺혀 아이드 이병호 필독서 OVER 오래간만 Letter windows ##전결 녹원 열방 VCR Ven 서정시 로와 양창 현덕 퀴들아 cGMP ##테니 ##quo 당창 켐프 애월읍 FPGA 밀짚모자 내경 마텔 이팔 철관 EAS 이물질 축농증 ##under Parad Construction 몽테 문준 078 ##등록 검투사 앞수표 양지영 친해진 들으니까 이웃들이 RFA edm 이상실 호루라기 굴렀 레르 삼인 ##코수르 ##iang KIT 미개척 아르고 낙관주의 메르코수르 ##손상 거가 PAY film Strateg YH 047 떡고물 어물쩡 염정아 5250 company ##물자 ##즈니 ##gin 노송 탬파 표실 ##룹니다 CPA 실학자 오존층 아름다우 트라이얼 일설 ##flow APS 월정사 재스민 전장화 1101 한양도성 순안 식모 엘린 034 BEA 간접세 김태완 달고나 면역학 원티드 브레이킹 ##결백 류우 만평 철썩 ##저래라 그라고 억눌렸 원미구 빠가사리 자주독립 카슈미르 스케이트보드 해군사관학교 경술 종택 칠푼 Ups 베리어 성산읍 치트키 카티스 대통령궁 ##시민 압사 원무 인호 디버깅 알티마 1847 내용증명 밥상머리 아흐메드 주교회의 물권 월부 이튼 집체 ##티푸스 과학사 될려면 바네사 소니아 시라크 하위직 어려울수록 소천 영림 요아 황종 ##icip 그려낼 되돌렸 부석사 살맛나 상대역 축전지 Clin 기다려도 ##ipment ##티르 ##IFT 갈레 아명 티피 bgf 김시우 날려서 영세민 1834 종횡무진 자유총연맹 bw 지알 직공 ##두루미 AML 백진희 유별난 이하늬 최용수 파운더 따른다면 Wa 도솔 뭉뚱 ##park 안정제 열역학 이뻐서 이재학 절도죄 msci 따라다녔 불가피성 이래라저래라 만종 얼얼 영한 재감 창세 취안 QPR 뇌손상 다쳐서 채은성 캐니언 2637 MAMA Path 놀이공원 오프사이드 곡창 온이 정망 MPV 김병관 장성호 포르셰 ##저당증권 1082 오매불망 주택저당증권 JF hk 봉해 차재 팔만 항기 해유 기명식 늦깎이 사고기 인계동 ##vc 거수 메노 무영 병시 생트 실족 077 CFP 김우빈 남지현 박민우 prof 외눈박이 렇 맘먹 샹들 소취 함상 흔해 고리타 금성사 대성전 메이즈 바친다 우태희 칫솔질 pers 샹들리에 Offline 사금 업상 이앙 양변기 Cycl Rule 얘깁니다 부딪칠 아사이 jikime lm 목발 쿠싱 닥쳐올 ##로트 역환 우키 원직 코웰 한의 환웅 덧붙임 머리맡 서초역 쉬워서 옵티마 폴리페 2033 take Today break 관학 는개 브릿 기무라 성문화 1146 mach ##MAN 권민 랄지 어답 줍쇼 치위 Enc bad 유류분 채워지 최강전 look 구름다리 몰리브덴 일어난다면 Generation ##석탑 RQ 거더 만항 메즈 김준현 돌침대 모기장 시즈카 한나절 기다려서 Discount ##oro 궁여 똥차 나뒹굴 도화지 아웃룩 중량감 드러누워 트레이서 Margin 병안 소학 강덕수 김은숙 김진욱 무용론 무차별 이빠이 재빠른 탐색기 Dell Size beauty Naphtha ##hp ##전략 ##쿠리 XF 개긴 듬성 산토 테니 고로케 구파발 리드미 Kong 서울교육 침소봉대 ᄊᄁ 과인 맘놓 부개 음치 진득 버나디 돌격소총 번민 신군 쌈장 ##ters BSC 따끈따 모셔오 인가제 1035 돌아가실 쇄국정책 장애인협회 Micron Revision ##풍선 ##홍색 모네 아퀴 저도 강성부 뒷배경 궁여지책 부추겨서 에밀리아 train ##등등 ##HIC mz 마공 만듦 버선 ##조사국 동거녀 오션스 고투 주빈 좋아한 진데다 ##직입 극빈층 카무이 오카야마 ##울림 ##ITY XT 구무 차저 턱뼈 미야코 스테드 추풍령 하이퐁 자신만만 ##GU ##동화 떨궈 맞기 명월 임미 가방끈 김민성 아드님 다크서클 단도직입 들어온다는 기역 덕대 뻘건 성보 알페 얼린 곤드레 김진숙 통유리 행한다 GOLD Insp seoul 매사추세츠주 발렛 부으 사열 제본 평리 ##콰이어 먹여서 무역상 일등석 집적화 rule 기다려왔 중도좌파 거즈 금촌 ##층석탑 GMV 아쉬우 혼란기 Guard ##니츠 빼주 색동 선폭 유클 087 JGB 가해졌 김태흠 유클리드 뇌진 현령 델몬트 세상일 출석률 1137 헬레니즘 ##관념 기네 언감 언명 인술 화낼 걸러낼 꾸지람 빗소리 양재천 이은주 언감생심 bs 무트 에세 잠근 068 enc 녹아든 아키코 1016 마군 아암 입어 조관 주엽 털끝 피거 가루다 굴려서 미시마 보신각 이종원 도스토예프스키 ##iot 루슨 매향 지해 김유연 김학도 남가주 뻔해 성직 096 날아라 어답터 장하나 중간층 토지세 1013 1058 감지덕지 WT 신내 의족 질염 톱밥 ##주의보 단량체 차준환 테이스 아우구스투스 ##셔너 리케 서나 선집 ##ding KIM 다미아 선명도 KOSEF ##pression ##frastructure ##PD 명학 방계 후마 ##입니까 내리쳤 달구벌 미스티 팔라딘 불가사리 포도나무 명희 백록 병참 복자 오딧 몰리나 살려냈 구호물자 오딧세이 아나스타샤 꽃병 맞댔 에쎄 호부 사분면 야유회 사형제도 touch 해골바가지 과전 국모 시단 갈아주 녹음실 동기식 박진수 송일국 영웅전 테메르 황선홍 관광열차 ##복리 미에 선당 월산 창장 포제 회갑 릅니다 청약서 Jeff ##직고 북간 상항 청금 칸토 ANZ Ell RFP 관제탑 어림잡 어바인 PTSD 004170 서울특별시장 ##ges 존기 Nor dax 대우일렉트로닉스 나정 포프 Mun 다양체 미사리 세워둔 초파리 장인어른 ##leh ##mon 남모 드비 뻥끗 의젓 재귀 미필자 을런지 적재함 ##그리스도 드류 열외 오펙 창살 쾌재 려는가 저수조 홍기택 고후 문배 종간 PCT 기항지 양비론 구경거리 ##실색 MFC rep 내열성 체임버 2130 포체티노 ##강하 대노 이포 충절 강정원 루치아 room 에스페란 격심 고방 끓일 끼운 독회 ##경찰서 091 좌표계 shar 기년 조충 종손 코텍 군주제 수묵화 아동기 청산가리 ##SB ea 제나 조권 커닝 ##프로치 모른단 1821 어프로치 ##NGC 노땅 손진 신남 일확 화방 NIH PAC 귀착 체당 잡아낼 후보작 1133 고리타분 덕혜옹주 이실직고 ##icator ##오적 dy 반파 역원 임권택 그리피스 ##아미 ##재앙 절름 천직 한증 박수진 영세업자 JavaScript 고했 녹말 교육용 발라서 오를지 입원실 보증채무 적그리스도 ##FOR 곽영 백로 야코 나타샤 됨됨이 양평동 파올로 허드렛 ##pathy 2220 ##병법 ##찜질 잔데 재는 철혈 삼박자 이사로 저으며 옳다 콜스 포망 선각자 rock 개구쟁이 ##ensity ##inn 간나 계령 곡조 저율 표도 ##멀스멀 MDF 늘어서 독신자 둘러쌓 알려서 조반니 1119 손자병법 스멀스멀 을사오적 ##ensive ##하초 으래 MIC 기뻐서 사기꾼 손수레 신탄진 에드윈 1027 청렴결백 ##awn 리쌍 삼투 원태 윤수 의역 죽지 찰지 펀칭 험프 DIA MES arm 낸시랭 붉어지 자궁암 한센인 Disc Drug 아프로디 채식주의 Method ##금강 ##마기 넥솔 청작 수배자 엠아이 연하장 이장은 진열장 1837 Conv 아프로디테 036570 SX 동병 법복 병화 외용 dot 놀러오 따끈따끈 042660 Training 라시드 뼈다귀 동충하초 치즈케이크 ##달싹 ##탕면 ##효소 IDE Las les 원시림 유기준 이기붕 지라시 홈리스 1098 1808 CEPA stay 안성탕면 언어학자 ##꺽정 ##ivo 경거 비급 석간 058 고달프 이덕화 이진욱 IVIG 불가리스 ##atives 김탁 선식 엘렉 월차 터파 PPS 건너오 김은지 문희준 미뤄야 월계동 올라간다고 ##지축 랑방 선역 요게 태업 토질 끝나갈 도살장 울산역 낭보 말씨 분상 야콥 옥새 ##icond 3850 메이웨더 불안정성 용산기지 12000 네덜란드어 리걸 요진 law Dest 로베르트 ##저모 ##헤더 애신 올슨 AMS 모란봉 버릇없 이동관 재단법 SPDR 끼쳐드려 마포대교 가렵 더랬 학지 회총 길길이 천방지축 샤드 주판 ##9960 TSR 나베이 도레미 송금수 통구이 mn 모탈 빌립 의암 저림 제금 체사 따라했 링크스 야구공 Mood ##egration ##만상 Os ow 물범 성검 급가속 양희은 예뻐요 일반용 1107 한국기계 한국기계연구원 수방 출진 딸려서 마시스 맡아보 방갈로 도서관장 신도리코 이모저모 STOXX Thank people 프로테스탄트 ##카가 권문 만악 지엘 환술 계룡대 모잘라 안마기 장충기 조민기 현정은 KMAC 리플레이 쏘아붙였 Secret Wealth ##친왕 소문나 예상지 온수기 1825 더블헤더 ##이들 ##rid 머서 쳐냈 ##형무소 083 HV 간도 거용 고티 ARK 루이즈 이원석 이현재 증손자 뛰어내렸 견자 노엔 우생 족자 채근 꿈꿔왔 덩달아 복제물 수용액 아리송 양서류 이국주 1066 비뚤어진 Laser 담주 락과 서세 시형 예납 클록 APE STB 광촉매 무연고 삼천포 이기권 정저우 제사상 fire 경과보고 ##DIO 야누스 토벌대 ##eling 용두사미 포로수용소 ##LAN 등석 빵꾸 최덕 포맨 급강하 알페온 제이션 티머시 내점 북조 spe 지워진 천연염 1054 된다거나 Match ##검색 ##노아 ##560 몰러 장욱 ##그로브 ##ager BOC 릴리안 시노부 신성일 연나라 이용훈 정승일 프로비 바이패스 으셨으면 제이브이 ##mercial ##TOR 금석 돋친 쿠우 탄화 ##alle 김명민 들어찬 베리아 HRSG 백그라운드 Oracle ##싸개 관등 래이 엉거 여량 우국 윌셔 퍼내 황조 pjk 부틸렌 나갔으면 rf 디포 부네 뽐낸 쑤닝 황경 건강법 보충역 절정기 크로나 1555 매너리즘 텔레파시 동아백화점 해상자위대 남만 뭐한 산해 태엽 화망 김주형 살펴서 선술집 임꺽정 국립극단 새대가리 ##utical 강길 봉신 통밀 대이동 생으로 우스개 크레마 0100 japan Mission 김안 높혀 부레 은박 김해숙 얼버무 유의성 이판국 조약돌 NEXT 브레이너 깨웠 메론 원월 097 ACI NGS 반상회 유흥비 저격총 팔굽혀 화약고 ##antic 삼성제약 하세가와 dynam Transfer 눌림 양병 취역 티커 ##sche 본고사 오래갈 진세연 키스방 헤어드 헤어드라이어 계륵 구재 월매 음각 채현 Tex 레제프 평형기 알아차릴 헤이세이 000720 ##의무 부렀 세파 적통 티키 놀러가 뜨거워질 쇼이블레 error 오디세우스 ##캡슐 서퍼 올꺼 이승희 이하이 커맨더 휴대용 야마자키 ##춘수 석장 용장 FTP its 남겨져 Publ ##국화 월척 윗물 ##면세점 바스티 바이젠 Repo 메스꺼움 상수도관 option 산면 죽을 김성곤 남산동 면도날 아리엘 이경희 중개자 1457 마로니에 think ##LD ##몽매 ##은숙 갑자 방광암 오간다 장미란 아나키즘 offic ##성인 XG 겉돌 우양 ##아가라 당진군 보탠다 염색약 추락사 2170 동화면세점 ##상잔 Sir 경찰국 음악극 무지몽매 에드먼드 개집 령부 컷팅 투우 ##덕거리 카트린 동문건설 괘변 따옴 막자 밀링 부덕 졸린 파당 누려왔 오정민 페도라 반미주의 Therm 타이포그래피 ##do 근막 로킹 발틱 ##킵니다 046 가슴팍 김택용 덮어두 목공예 보리차 사이츠 트레이시 ##대우 원복 imp 김종규 브리드 어머나 이식술 한화갑 휩싸일 갑신정변 맞받아쳤 마이크로프로세서 ##간데 목부 부소 서무 소불 음담 Cod DNT 거쳐간 노략질 이정식 이루어진다고 귀의 왔음 적임 징구 허각 박종우 에이징 지급기 헛다리 1793 생겼으며 헤드헌터 RK 알서 잔반 집증 회골 고폭탄 노비타 문무왕 수운 엘보 ##elly 098 꽃꽂이 끽소리 보존제 합기도 경제학상 MERRA ##바둥 대과 둘렀 소태 인망 타민 헤프 ##비행사 CNO gif 노미야 송광사 하이디 구미시장 바늘구멍 잡아들여 ##기류 ##호리 민제 삼라 양전 포역 RES 꽃송이 마젤란 별정직 송승준 총잡이 패싸움 Scale 우주비행사 기율 증보 채정 ##undi 079 다독여 난공 설운 재키 행거 ##둥바둥 서술자 짝짝짝 침전물 헤르체고비나 national 공보처 오순절 진보라 총기류 이자카야 결혼기념일 ##bat 검객 구감 노반 마쇼 호참 099 Lim ill 신학철 ##종합건설 그라인더 ##왕후 ##천국 ##Mob 가함 사암 안디 올무 황녀 ##4730 Ger let 끌어왔 으신지 1129 soul ##어장 개식 비체 니트로 덤벼드 배수관 오리털 이인규 길이길이 ##ela 난점 두서 똥값 매관 야옹 코렐 가채점 되새길 홀라당 더러워지 도망친다 알서포트 페인트칠 인스파이어 ##상담 aw 가포 레짐 말갈 심중 LSD 영안실 이상배 타쿠미 헤이리 국공유지 ##고지 ##크레 ##피플 사달 종복 ##chen ATK 리큐르 양동이 이강철 전목사 통해야 1028 ##넬리 녹일 복령 어자 PLS 다운스 요한슨 후르츠 작부 하피 Lam 빌바오 상속분 쿠빌라이 ##절하 ##큐슈 ##ika 관이 봉가 운휴 ##트리스 ##bank ##rant 고문관 규정짓 김석환 상공업 섬유소 소싸움 송하진 이웅열 칼리드 ##idden 가벼워졌 인조반정 access ##버님 논개 모슬 노르드 미크론 황금어장 거들먹거리 박학 옹벽 합회 Jon 김남희 노사협 용호동 이소룡 플로리 농인 눌린 물렁 효연 Nok 가시나 등기소 브레트 요상한 이희진 키노트 파타야 흐려져 ##stant 꾀한다는 스포츠조선 ##토링 ##VAC ##awk 비콘 역진 폐병 간기능 김덕수 원고료 코너스 코로나도 Stream ##설래 ##소사 Ts 고당 똥내 불곰 조배 준주 하직 가녀린 이지연 재학생 찾아들 대홍기획 외과의사 ##bre 모코 빛바 오컬 회인 CHO Nar fnc 일렁이 재투표 정책학 태양신 Girls 류정 승질 차디 풍모 향리 ##왕설래 김도읍 동아줄 SOFA 법정주의 출퇴근길 경어 라키 충과 DLB 김윤석 들이켰 실명제 1784 Quad 배웁니다 설왕설래 위스콘신주 구준 움짤 정속 Bag 김용옥 단지로 아라리 통역관 흑임자 CSIS 유니코드 트랜스지방 윤식 Ult BASF 구합니다 양념치킨 ##ourcing 애버 에린 핀치 한세 Tay 밝혀짐 오부치 짊어질 치악산 온데간데 의학박사 Afric 다육 용덕 흡음 고소미 십이월 엘소드 이치엔 최정호 카운셀 1162 font 삼양라면 시라카와 지근거리 ##을지 관형 교목 옥신 질화 Ton 공식전 산비탈 쳐야지 탄도탄 턱수염 필모그래피 두원 서의 호된 ##단지역 CCL RCA 더러우 미아동 배철수 유병철 나이로비 받아들여진 ##제트 HJ 떠넘긴 무리지 베르너 1023 우림건설 ##kei 가훈 생시 잡탕 파치 ##tact 기획처 미츠루 윌리암 ##경기연맹 ##apore ##듬성 ##아기 비신 지펴 봤으나 사일로 옆자리 저녁때 찍혀서 처해졌 듬성듬성 ##만도 홍동 SRF UNC 받아들었 백토 ##ears Mah PDH Sig 가로챘 니가타 장도연 지석진 흡연실 IPCC 나이아가라 맨틀 석포 주남 투족 김민규 도너츠 복선화 접수처 책꽂이 흘려서 Cour LIFE Rail 무너뜨려 ##외법 ##지위 Mg 맞부 조앤 컸었 오르페 정우영 푸이그 스파이럴 구용 변정 성환 잡배 재비 관찰력 나마나 망원동 방사장 천우희 총소리 최동원 heart 백룡 홍건 드라군 락스타 카프리 1623 Four HOME 메이시스 하베스트 메릴랜드주 future Fo 쿠도 flo 건조증 경기만 김방희 김재윤 버거워 페테르 1238 etri Library ##모락 삼봉 예행 육조 ##lock IEL VIS 콜롬보 1803 GPIF Canada ox 농대 보울 입북 충심 켜켜 Opp 누누이 도적놈 밀어냈 새까맣 제이엘 평가절하 아랑곳없이 브롱 ##마스터 ##즐랜드 Por 꼬셔서 뒷수습 범어사 의미론 BBIG 고전주의 Brain 메인스트림 ##큐브 깔창 백암 여쭈 현태 ##외법권 겨울잠 정우철 프리트 ##drome Stay 스노우볼 풍비박산 ##서한 ##야민 ##피리 시샘 와락 무스탕 우렁찬 임수정 1045 1175 2048 NCSI 국민신당 손님맞이 policy ax 배런 송로 점핑 IPC fab 옵티컬 폭주족 활엽수 치외법권 ##강판 매만 산유 성삼 이락 Lif 란티스 일어남 혁명당 만난다고 ##itchen ##psyche ##이러 굴렸 삼포 자스 준해 aaa 알프레 주도력 하이모 1088 노동조합법 lovelypsyche 감쇠 디보 상변 억세 퍽퍽 Vin 넘겨져 형태소 1165 1819 Electro 랑그 리영 저색 ##저고리 우면동 제스트 돌려세우 허허벌판 유나이티드 두마 아어 양이 여요 러시안 벤야민 연체료 이강덕 좁혀질 1492 Iron UNEP 네온사인 ##omi 쌈질 옹주 원뿔 탐독 SSS 는갑다 불신감 jabiu Centre Eg 거신 궁시 깬다 루츠 맞댄 색대 천가 ksj 가랭이 관습법 중남부 모락모락 반딧불이 퀸즐랜드 Excel Hydro 구모 말복 사식 아교 야키 Rod fit 대한국 문성혁 북악산 살생부 세균성 츠카사 북제주군 웨이하이 구산 084 냉방기 사고팔 윈난성 조작법 집어치 째려보 아트워크 ##드렁 에큐 Nam 기술대 노려야 얼굴색 타이르 2240 들먹거리 서대문형무소 번건 IMD 김철민 태그팀 2120 Tree 건축물대장 개심 용원 잠김 지누 천석 회답 이홍기 좀벌레 1615 넘어뜨리 부동산세 부음 흑당 선거후 신창재 책갈피 1318 잇따른다 할지언정 Revolution ##니니 ##르토 ##아연 ##토세 안고 부서졌 사조직 쌉싸름 오다리 읊조리 친아들 fuck 끝났으니 Content ##울제 멀찍 설혹 LIB 소설책 유월절 제게는 친자식 머물러야 클로렐라 허드렛일 했으면서도 Classic ##멜라 ##무근 강순 기중 수덕 예서 갈아탄 공덕역 눈꼬리 니제르 도선사 리브레 모노머 보이차 정호영 청학동 ##oinon ##푸레 셨었 손시 육각 5750 Technical 놔주 혼났 걸어라 노조미 레이브 ##라니 ##토마 상등 조증 급정거 헤비메탈 ##OLO 그렁 사순 폴리염화비닐 ##강산 ##펙터 호오 ##글로빈 ##edom 073 FIA 문승욱 바스타 스키드 하자드 1241 Host WGBI redi Cyber Skill ##복걸 생환 패색 ##MANI 인지세 프로보 해방군 ##룻배 듀퐁 피커 ESP SRS 궤양성 광주일보 배운다는 Medicine 사영 월배 Jin spa src 동기생 아라시 이탈자 조련사 3008 path 찌그러지 알부 ##잣거리 CDN 놔둬라 주상욱 fast 맑스주의 저칼로리 ##시에 국서 썼었 쳐져 nll 교집합 싸워도 Conf 놀라워했 애걸복걸 저잣거리 ##계역 단설 ann 가만이 삼송역 이대형 일대일 ##바니 나즈 야미 회충 마리사 발명자 고무장갑 로체스터 005940 ijoinon 들고 상석 택법 돼야만 로메로 아르코 이상형 최교일 Mega 프레슬리 total 박흥 방첩 이탄 전식 법의학 아가미 애사심 1103 FDIC 달려와서 마크로스 모비우스 피에스타 ##드르 값지 교세 대재 삭이 슈와 찰소 ##푸르나 아유미 최현석 피운다 1073 간식거리 아스트로 즉석식품 대설주의보 아이스박스 사추 탈로 멜로드 면회소 서구인 Chic 멜로드라마 개씹 곁들 동교 콧등 훈방 ##Tech 정연주 안나푸르나 Partnership ##GL ##클라인 구워서 김소희 바샤르 발포주 알스톰 현대전 어지러워 카바이드 항우울제 개거 동냥 장철 모태범 박주호 슬리피 최서원 피어싱 ##별초 EH 드랑 사샤 마블링 박연대 이리스 이성애 전산실 창조력 허핑턴 ##구시 방폭 김우진 완두콩 이주현 자주색 ##iency 더그아웃 Chapter ##과리 ##르모 ##유희 ##hen 급과 나병 다일 두보 섬겼 안형 탈지 환비 간이역 고준석 내게로 오컬트 청소차 mark ##모터 감치 낭인 성제 hum nat 묻혀서 불사르 재항고 ##ention 돌대 박봄 허민 김선형 생머리 스페코 내립니다 스프링스 찾아나서 IELTS 감고 뇌염 벗긴 복희 ##산지석 무회계 봉숭아 송창식 표백제 헌신짝 장티푸스 클로로퀸 타산지석 station 호란 공용화 예인선 입방아 카가미 1198 상대주의 오션시티 커진다고 uv 군화 카뮈 통아 김수연 박성진 수안보 Compet 유나이티드항공 강송 구창 기변 시걸 이괄 혈행 ##news ALD 위더스 조의금 1138 Python ##득이 될걸 폴링 속인다 ##arius 1195 거스름돈 국민대표 군사령부 그럴려면 ##etooth ##wr ##체조 고픈 널브 무우 음계 카악 로케트 문학인 안대희 욕해도 화학사 멜라토닌 신치 청파 판형 ##리어드 MLF 울먹였 슬레이브 코민테른 ##프탈 고레 새너 윤순 헹궈 ##unge 들으려 판매소 한국지사 이탈리아인 음독 현숙 후렴 Cin 김도진 장기동 피로연 1144 알루미나 업신여기 등진 플렛 어물쩍 저항군 1095 저지른다 패트리어트 ##라잇 ##사대 ##하네 노구 수보 입고 헬름 IBC 디캠프 부르짓 요주의 이전투구 그럴듯하게 ##cf ##cei 뭉칠 쫑긋 나치즘 내둘렀 됩시다 바닥난 일가친 토해냈 패전국 서울관광 격무 도영 디리 ##카로틴 DAU 김영재 담뱃불 박완주 아이카 잎담배 Print 009150 ##진대 윤락 징세 ##fort WCS biz 각축장 수료자 오이타 이슬기 ##anner 리드미컬 언행일치 베타카로틴 Emerging ##밍업 필레 김승규 김종학 북서울 신길동 2340 대격 상혁 진승 회교 나세르 빼어나 손동작 워밍업 잡곡밥 조수미 rediu ##구레 ##우편 eM 최봉 ##ains ##band 공모자 이치카 초호황 크래시 화인텍 Mu ##ture OCR 가려낼 컸으나 트와일 후지쓰 그럽니다 상주인구 트와일라잇 Protocol ##GN ##lit 역어 커미 크립 호인 ##다코타 볼프스 탐지견 펩트론 ##roach 1525 anti 커미셔너 바란다면서 ##백색 엘릭 육영 지학 기상도 일본국 스코어링 Based trade Insight ##전리 네빌 미준 ##법소년 ##칼리버 국영석 득실대 들으러 스티어 이지원 조재범 1453 엔드게임 ##ateway 딕슨 Ken 고도차 웃음기 인쇄기 0098 고압가스 아서라도 촉법소년 ##트임 Ec 바톤 밧데리 ##근질 ##쿠크 숙일 역간 유위 타법 홍창 NHL 개혁자 거쳐가 반혁명 이끌리 0062 고려청자 떨어진다면 ##사납 목관 빅맨 got 김기동 리플릿 조덕제 1099 1389 double ##ali 매부 미케 신덕 음울 인견 조였 ᄁ들아 교재비 변할지 불균등 여겨서 출생률 토스터 해줄께 XBOX 염화칼슘 Alpha ##시니 ##함대 귀요 typ 색연필 수상기 집어먹 허리춤 6750 마사무네 학력고사 스타일러스 제국주의자 ##만리 부카 젖줄 측간 ARI NTS 강원산 꺼림칙 리만치 방향키 사카키 에번스 유스케 쪼그리 한상범 후미오 push 볼프스부르크 ##도끼 꼬일 일마 ##스타트 가리개 문창극 코이치 허치슨 사실무근 ##GG 문원 서중 숙직 야나 BCC CSA cbt 김필수 묵시록 박선호 수도승 이팔성 카플란 Foot ##SD 대증 통주 반긴다 부으면 신경숙 촌구석 해코지 ##yeong GiGA 도망다니 베드타운 개살 끄러 솔지 피너 ##수익률 만만세 박성수 보증도 유흥업 일광욕 ##겐슈타인 아이라인 던디 애꾸 졸로 김광규 김동성 뚱딴지 학도병 항소장 비트겐슈타인 냉혈 퀄리 pvp 박성민 생석회 소방수 송은이 팜플렛 호수비 Netflix ##깃장 ##타바 각부 군왕 라베 명군 안분 칼데 품행 마지않 멋져요 양복점 얼만지 주야간 최경수 ##Cloud 삼중수소 ##중미 래더 설아 양편 초극 LTC 김인호 다진다 배수량 이수정 키워냈 흘러서 UNDP Integrated 까막 달수 빨랫 신이 토석 Bed Sev 미뤄져 어깃장 유단자 1104 SAFE kotra 프라이부르크 ##이가 경혈 티토 모스트 북중미 헤어짐 소아시아 돈돈 가을밤 돗토리 맞부딪 방역대 숙박료 이주하 장항선 주영섭 1109 1841 3350 성지건설 nb 지심 피프 ##란지교 구조개 손현주 플레잉 산골짜기 생각납니다 ##틀링 ##oco 다제 덕소 양친 철들 카슨 ##판매기 aqu 김영태 아가야 어슬렁 장독대 질레트 WACC 엉거주춤 width 자동판매기 ##행랑 문밖 붓기 ##3530 블랜드 1545 card again ##음직 IVI 대화법 수의학 안봉근 약탈자 에릭남 에이다 작년도 편해서 Clos disc 당합니다 보냈으나 잔치국수 조르지오 ##만고 산회 오규 093 경보음 김동하 적대국 1222 ##소설 이감 생지옥 윤호영 리커버리 북베트남 build chkim ##fe ##부상 누누 방상 방성 애독 김승수 김재영 장시호 지껄인 HANA 공개서한 기타큐슈 자선냄비 크레스트 great ta 옥황 한희 헤센 ##마리아 구겨진 굴곡진 몰아갔 우거지 정세현 트레스 1057 Partner ##TY 돌궐 양묘 오선 nom 권혁세 근위대 밀수출 사망설 크루거 culture 개실 깃대 더프 바버 쇼우 옌지 ##망대해 국화꽃 양석환 예금액 이시이 임재범 지엠피 0919 골디락스 망망대해 일가친척 ##cession If 김득 드보르 성가시 아세톤 이미자 탄다고 개불 구덕 섞였 소와 주책 해무 김선아 김영옥 자유민 1142 GOOD 미야기현 살린다는 서울은행 ##빌레 ##포장 걷기 과고 딱정 스다 씨익 주만 SEL 가야산 랬더니 편집증 2380 hscei ##배수 ##병기 싸리 액젓 에토 옥택 금세기 디코더 임이자 ##부상열차 phil 자기부상열차 ##yd ##크롬 ##TEP 떼우 삐죽 약과 이애 금자탑 우글우 정왕동 정지훈 포토북 ##enger kore 각이 셔플 소면 심실 지승 머리말 생채기 추광호 Production 가바 모테 의수 JFE 갈갈이 강수진 경시청 명승지 사진첩 속기록 이와타 1065 ##맞춰 ##쿠사 ##lyc 급인 기속 망월 목가 우촌 재첩 코쿠 현현 1157 1536 commerce ##천금 ##YPE 들쥐 마권 볼썽 정에 한디 몸가짐 무스메 비평사 자라났 Mail 나눠진다 뒤통수치 private 녁 끔직 도롱 미프 팔도 가로저 부어야 신정환 앞서간 1176 1205 소시에테 ##광수 국체 낙차 두령 봉독 염호 장설 화남 ##quis 보리밭 서현진 양세찬 입방정 추자현 탕웨이 총대주교 ##모성 ye 거셀 목질 빈센 사초 우간 월곡 cow 노웅래 들어옴 위압감 인상파 플로트 EDGC Early 달음 디밀 호유 김대호 밝혀온 Mask 도네츠크 Round 낙화 배인 베누 적음 달려간 외장형 추스리 한석규 천신만고 허무주의 현대정보기술 ##제네 군종 범민 신야 호메 NXC 다져왔 쏘가리 Safe 레지스트리 ##정기 꽃말 플란 김이수 리그전 줄행랑 합금철 대상그룹 대승불교 테라바이트 고다 담원 ##onda CCD 겠어요 고종욱 돌아감 발아래 최상목 침엽수 켜켜이 1814 고학력자 Hyundai 개색 똑딱 인습 ##세이더 메밀꽃 1021 1106 china 크루세이더 ##IAL ##hel EI VH 토커 ##엑스포 092 셀바스 우의정 쫄따구 흡인력 Mary Element ##치면 ##커처 워머 집성 PPM sam 1501 경거망동 지켜나갈 ##띄엄 ##oli 레다 마십 엘가 재중 증위 태장 고액권 면목동 조세호 중심선 진종오 5050 오스트리 ##대학 ##모략 ##살상 송동 공대지 중추절 최지만 탁아소 0058 1084 하이드라 문화엑스포 Triple ##오열 난중 떡칠 소향 입덧 키시 홍설 ##jeeq 천연덕 충장로 타파스 phot 구한다는 귀기울여 캐리커처 컨트랙트 TOEIC ##굽이 별똥 보산 상남 속락 창병 ##oles Vel 단오제 박준형 옥택연 ##onhap date 트래버스 suejeeq 강급 근화 논박 신잡 조졌 갈까봐 김수진 옴니텔 하이틴 ##살상무기 침례교회 흘러내린 record 애주 여려 점등 헌다 뇌진탕 불라드 0869 beta 꽃봉오리 ##ternal 돌아옵니다 미네소타주 아프리카인 ##모프 ##플린 욕함 채프 티칭 폴린 ##분리기 교회사 김희진 성세환 시무룩 ##관광단지 1782 크레용팝 원심분리기 배동 소비액 엘리슨 이성열 콤바인 ##투아네트 띄엄띄엄 중상모략 Fried 리버사이드 눈병 음서 차축 형산 ##rick 김선빈 슈마허 의장대 첫날밤 ##연구단지 돌려보낸 올브라이트 ##터진 수마 엄폐 에브 용비 울적 화담 진대제 ##azine 1285 TIME 드린다는 에이수스 ##컨데 골똘 나드 보자 BTO 가우디 떠나온 향나무 1229 워터게이트 대덕연구단지 reserved ##Re ##실린 미감 쿤밍 해갈 흥사 Cha 얼라인 1152 Wolf Suite 매곡 블린 주해 Aer 김유미 한동우 arch 사분오열 ##바일 랩퍼 미쉘 봄직 승우 ##틀리프 POC 도그마 선구안 재이니 가라사대 개혁주의 목구 살빼 삼존 엘튼 원앙 조과 갈고닦 등록비 식품군 프리시 ##탄자 YM 내몬 네기 인의 ##딱서니 간지럽 그로테 납품가 뒤처리 박완서 방랑자 양계장 옮겨와 인터텍 컬투쇼 1202 ##LTE 데쓰 명보 진담 쿠노 후카 ##백옵션 뛰어갔 세운다는 주택기금 ##철학 ##ICO 공창 다세 섭이 손창 아너 임우 ##ules 언덕길 하카타 한시름 벼슬아치 풋백옵션 냉증 발권 생판 싼다 액비 역술 준혁 탈라 효천 DCS 국사학 들러서 ##atics 기승전결 열쇠고리 페퍼민트 몬태 물맛 영춘 투광 티라 팔방 Cra 051900 Guidance 겨뤘 놨을 ##널리즘 의지력 주원장 항공법 깔아뭉개 뛰쳐나와 channel ##패설 ##ICS ᄂ들 성학 르메르 모셔라 카스미 부른다는 스티븐슨 대륜 미고 연류 취도 황호 Our 다가간 단기전 쳐죽이 ##ethyl 샌디에고 이웃사촌 철딱서니 ##빗슈 ##이불 짱돌 체한 피네 강형욱 기우제 늦춰진 따오기 바오산 시흥동 1775 다르빗슈 써져 음소 구연산 김유경 멋모르 박지영 수틀리 의학자 집진기 일확천금 ##kd 딸라 북군 서책 예편 윤광 ##iana 김나영 모금함 의형제 정만기 피스톨 ##apa 박맹 오웰 원각 태희 ##에이션 INF 매시간 신창원 헤일로 1139 1515 1603 테트리스 ##position 구순 끌림 된통 사란 흩뿌 미립자 손승락 주피터 1143 지란지교 Banking Consult 달밤 성선 음유 ##ulse mri 부딪친 안재홍 주워먹 티시스 포물선 해간다 ##inese 1076 1108 1226 Steph print 보건복지위 ##브룩 ##uri Ki ra 서큘 찔렸 친가 대외비 무스타 1245 SEED 순정만화 울트라북 ##iconductor ##EK ##경보 묘책 문공 배호 변광 분했 사념 저위 잡혀갔 칠려고 1401 천하장사 TLTRO ##니시 ##자적 주크 도전기 소세지 알부민 하향식 1419 ##네르 Il 명훈 바짓 싸드 전희 정길 오현석 충북선 mess ##bn 귀작 남루 텃세 ##번호부 고가품 문드러진 천재교육 전화번호부 ##살랑 ##RON 069 사랑니 어쩔래 장기하 통솔력 Lord BEMANI ##즈컨 ##bus ##오른다 ##emic NCA 김수정 루비오 리코더 이상희 이야긴 장희빈 접두사 정우람 2990 Update 로나 르윈 빛낼 사코 앙통 액슬 아셔야 접합부 중전차 ##고로 ##협정 QC 비린 월보 치일 표독 ##eler 만화방 슬림형 엄기준 플래터 ##itude 1843 8250 블리즈컨 ##duc 갖춤 니매 당의 도단 언문 천조 헤서 흑발 hey 내국민 살랑살랑 조아제약 ##닫이 모포 심어 제진 Ten use 그리울 동서대 박중훈 양탄자 유성엽 이정협 자이르 정당법 EITC 보도블록 담궈 당세 사레 산가 설선 정언 주국 ##제네거 질려서 FATF ##Str 복정 비슬 스머 여공 과기원 박영국 Nokia papers ZA 네안 외운 짭조 흐흐 몰아낼 박영효 잠재웠 저수량 토비스 피어슨 흘러넘 1783 Resort ##apeutics 군것 기은 비원 코막 편력 번지수 펼친다는 호소카와 report 증례 형장 후스 마스턴 명명식 바위산 새바람 숨겨야 아키노 이상순 점유자 조용준 차림새 으나마나 용승 회절 흉한 ##ween 냈으니 점안제 1807 Cafe 가난뱅이 store ##mg ##에토 교유 논해 박열 버츄 빛난 체지 고잔동 아모르 1188 2140 ##카트 극화 비점 성파 제민 고육책 더불어 신명기 에나멜 일진회 자연물 VOCA 개머리판 ##입술 ##전구 ##awa 고되 페블 1172 Loan 떨어져라 ##LK 거를 역산 였잖 캄파 SYS 최기영 파산관 ##덴부르크 0011 March range 계지 강사료 군만두 베네타 유성룡 이어령 지하드 코알라 매일신보 유유자적 특별결의 갈채 개아 모창 병수 비온 영채 찮아 새크라 코모리 0106 기밀문서 새크라멘토 020560 friend Xi 듯한 북주 빚지 손성 시거 AOC Mak ZKW 시라이 이유리 저버렸 site ##시카 터커 피레 ##데르탈 ##ides ##iser wbc 바이런 심전도 이상돈 파헤친 Gray hsbc ##version 반소 백군 새틴 품새 ##케이프 TNF 로서리 막아섰 말라죽 명일동 밀려날 샌드백 콜라주 콧노래 Wrap miss Simple 기혈 따시 떠벌 본처 서교 임주 햇수 현민 혜미 이래요 활성도 네안데르탈 다이어그램 Governance 거류 뭐요 바브 삼동 알피 우야 탁송 ##피에르 ##arch ##ivil ##just Tea 라서요 1666 퓰리처상 Scient Sector ##부선 백희 실낱 야박 점제 정념 제선 진각 팝스 ##스트롬 ALS Tak 고두심 담쟁이 반만년 장사정 1062 Secure ##rt 모달 썩이 안규 증사 진무 호머 나기사 봉화산 타쿠야 흑룡강 체크무늬 ##믈렛 ##산중 ##조절 김용수 다져야 덧붙인 들려온 오믈렛 1348 광영 담력 분관 조랑 테베 플뢰 bet 산호세 아야카 Fant 우드워드 Infin ##교합 ##상련 광서 울금 주병 주증 맞아들 방범대 아코디언 Copper Meeting ##박쥐 샤갈 헨드 IIS 뭉가가 유홍준 Rose 민원서류 테레프탈 논공 뒷줄 진현 브리타 신영철 신학생 에선가 친권자 표시기 4850 와카야마 한다느니 ##LV 개문 거농 교국 등치 백이 별채 호젓 느려질 정일우 하코다 1148 Hell 대도시권 ##국현 ##세워 Ll 세신 059 드릴링 승선원 아르티 1794 ##ronics ##ami 내생 동빈 새아 어후 홀랑 GIF 감리회 산자위 회계기 트래블러 메다 배시 백부 소띠 피막 한러 헤모 ##avor ico 비제이 중국산 패트롤 프록터 1204 동병상련 Parts Department ##IO ##글씨 ##미료 ##올레 ##Con 각조 반강 법부 최두 하미 ##발가락 공유자 들켜서 사회면 우주복 이연희 충렬왕 투과율 푸하하하 Qn 거른 디엘 약령 익대 특촬 화판 민사부 옥수동 최선희 통신문 올랐으니 판타지아 CNOOC ##이시 샘터 언질 칭얼 김순례 스쿼시 1203 1499 ##wu ##우어 고섬 굳세 따진 뱅글 김주하 먹음직 몰랐었 신보라 아까울 양희영 이종수 자책감 조길형 1399 Sale 야스쿠니신사 김애 니무 모관 혐일 자연광 카밀라 1271 ASIA Cold 스탠바이 SEOUL ##시보 고량 미려 분부 주익 패시 검암역 당겨서 데이먼 바이퍼 생활사 인구학 전광인 1158 kpga 가지치기 느릅나무 당한다고 스마트러닝 대찬 ##아리랑 TPC PLAY 삼층석탑 Administ ##aco ##flu Vs 노소 보들 장묘 남부선 빌라도 주접떨 표현력 1415 2370 곡동 수란 거머쥘 군것질 다소곳 음악실 인내력 wave 즐긴다는 직업윤리 첩첩산중 남종 팰컨 김홍걸 남궁민 답해야 뚫어져 SHOP 나창 얼싸 Use oem 골드먼 대성동 도화동 허우적대 Contract ##나와 ##연분 ##평역 광량 ##러워서 김부식 김선동 빛바랜 알링턴 야단치 이소연 정유경 쿠어스 ##orical KISTI 천덕꾸러기 ##샤벳 개창 고드 권종 미마 회지 ##브레인 기차표 달샤벳 이택근 최현만 2047 교통관제 읍사무소 호메로스 ##UNG ##agle 금곡동 박성희 아키하 조준호 종착점 지루함 1637 TRUE 자자손손 Automotive ##글탱 ##체트 가터 용하 캐묻 ##글탱글 JBL 김원기 넘쳐서 동원력 받아든 상비약 인류사 추성훈 터져라 탱글탱글 hello ##자브 고랑 서복 성연 종범 ##으로써 RIS 가판대 강봉균 노나라 이어인 정통파 템플러 ##RM 로에 료코 모선 받쳤 은동 죄형 티엄 ##투데이 갈대밭 내외국 외쳐라 울랄라 이지혜 입꼬리 1199 1446 Chev codice 기채 본따 약군 나눠진 방향타 최규하 톰브라운 press Coffee 건사 금실 리소 화의 DDA 동조자 비스코 쓰레드 장사인 절충점 7750 무알코올 엠브레인 ##다일 ##불암 아퍼 역군 우나 작열 지전 GTI pts 플루오 헬로우 나갔으며 둔해 합승 행선 ##기무사 외로웠 응해야 종결자 그럴까요 phase ##LG ##행동 읍장 컴컴 해영 etn 로이즈 수선화 이고르 푸치니 고윤 궁사 단태 온지 코빈 ##브웨이 짧아진 Nord 중국은행 테이스트 balance 독어 뺏겨 이건가 1197 블래스트 담부 엄동 예과 ##머거리 대형기 미발표 지정석 1232 Cook 기억난다 낭군 홍선 악센트 초긴장 고립주의 잔다르크 ##라덴 돋구 모현 한규 OPI ##chain 때려부수 마수걸이 망가뜨려 에뮬레이터 목탁 코세 허시 ##글리츠 과르디 여단장 1512 부정교합 아닌지요 Needs 국군기무사 ##itation ##상선 피동 내국세 순둥이 앙카라 재검증 찔려서 1398 1664 끼어들기 천생연분 engine output ##루크 김달 진등 체위 치비 큐트 키득 환법 Nas dls 위저드 정성룡 귀머거리 네메시스 오피러스 인정사정 죽인다는 평생직장 ##인동 ##OMI 봉과 부민 094 몰아낸 벗겨서 복덕방 시티몰 얄미운 0018 구부러진 벌인다는 capex 크로커다일 ##연의 숨가 원저 치근 환은 드러냄 새파랗 우윤근 느냐면서 스티글리츠 ##는거 염모 Jam KEC 모음곡 짭조름 OSPI 담아낸다 항산화제 Legend Bluetooth 껴도 어썸 영숙 AWA SES 명의인 ##육부 공돈 락소 삐져 GTS 로군요 마이더 반어법 우르스 1206 기세등등 ##uclear ##허리 동영 보하 손견 김경록 불문율 유휴지 질세라 펼쳐서 전자회로 대량살상무기 Singapore ##oca 기별 닭똥 발당 우본 ##팅게일 ##erin 꽃구경 이복형 1173 Village Pu 글라 논법 덤블 뒷일 바일 양여 잘릴 진왕 충언 ##제스트 ##mond bnt 분포도 석연찮 전당포 차릴까 합의부 호시노 ##avior 1745 두루뭉술 에스에스 플레이크 시모노세키 앙투아네트 ##니더 ##저민 꽁초 능글 민희 애민 열씨 탕면 헤니 ##삿거리 ##6790 IDB 블로우 스와치 에버튼 쩝쩝쩝 ##aving 2180 006800 Diesel ##더듬 고거 낙낙 촌은 AGE MIS ncs 기피자 논다고 돼야지 리버설 모창민 올라프 플레이보이 Fashion ##디시 lb 세프 쇼인 여흥 자미 늘어질 박경수 실패자 이영진 이학영 휴가제 3950 가나다순 기삿거리 ##태인 골병 신오 재국 토다 형아 휴회 cam 김범일 다그쳤 드려도 흑색종 높인다고 마티아스 스카이팀 원더랜드 ##pan 텁텁 ##RANG 089 끼워서 엠바고 카드깡 1223 따라온다 세실리아 오장육부 이러이러 탱크로리 형편없이 ##에타 겸사 멋들 상디 심법 안신 하노 무언계 산화제 안현수 이태규 첸나이 스크램블 Volume 파라다이스호텔 ##ZE ux 격발 경창 깍지 묵주 끝장나 단팥빵 부암동 ##MD 문연 영시 국지전 득점포 때맞춰 북돋워 아이지 중요시 deep gv 벤다 신무 이퀄 pcs 조훈현 최중경 플리커 낄낄거리 에이아이 ##삼간 뉴먼 들보 만타 뽀개 점한 타내 ##부러지 경기전 김창완 발매될 벤저민 양어업 1214 ##WO ##넬로 살집 육용 존박 LAT 김만수 김종준 요시오 장지동 세상살이 solution 순신 역제 짜낸 Git lje 내편이 최재천 1237 이시하라 master 명줄 병풀 ##세지감 MOM 김동선 보호용 의자왕 일인자 최승재 4950 격세지감 초가삼간 ##카시 ##플스 곡절 기착 미승 지화 컨스 파더 형언 도박판 화장터 추켜세우 ##acking awards silver 강스 군불 바셋 백용 일레 ##개나무 ego 몽상가 예매권 이덕훈 이상준 지껄일 모노그램 번화 공동화 투명도 ##스테이트 1506 Sensor Provider 군영 매이 쓰쿠 파보 Lum 귀부인 내려섰 물려서 변사체 스르르 역삼역 이선균 ##ments 알렉산드라 Western 님비 떼일 KSS kit old 걸레질 세레스 외손녀 펀자브 hold 리처드슨 하이센스 속아넘어가 034730 ##인가 허일 흔했 더라니 소갈비 이강래 전우치 1087 feed 시마네현 플루오린 Never 구레 삼손 전포 홍장 SMG 동화사 터트릴 남녀공학 바이오스 platform ##도취 ##orp 노산 막하 육룡 가열차 괴로울 노근리 다이앤 입지전 1068 mind 내마모성 보건의료 Theory ##돌림 ##진짜 마식 커즈 톤즈 풀꽃 ##7950 과밀화 김준영 박병대 복잡다 지방관 프리바 못할망정 파헤쳐야 ##CF 맺혔 벵골 표해 귀마개 김규리 초나라 황영철 ##텐베르크 1617 iPod 홍익인간 로스차일드 솔리드스테이트 Property 금포 무희 살갑 엘엘 월중 윤달 정온 FAQ 지급식 ##thers 1064 1096 Explorer 이각 벨소리 윤은혜 키리토 1067 딱정벌레 조무래기 ##모음 ##비시 고갱 들쳐 라토 르소 물재 ##경화증 LMS ##루미나티 1559 싱클레어 우글우글 ##ategory 단거 도플 일륜 Fer Nob 전해라 쫓아냈 는다더니 돌려세웠 하이스트 enter 헤모글로빈 영건 재울 종실 ##itis 갑상샘 말린스 면역계 이정호 node 일루미나티 applaud ##공감 ##씌워 ##bow 하즈 무상감 반창고 3550 그로테스크 economy 손때 수피 아해 알자 이김 폐국 AED 로키스 십시다 쌍문동 1798 간판스타 ##종자 ##TEM 도판 성골 포가 결사대 과제물 김남일 이석현 이윤석 고리대금 산둥반도 ##농가 까무 덕평 미설 쇼코 ##프리오 MDL 무소유 소유진 위헌성 한대요 read 브리트니 ##혜란 구겐 백중 색전 오관 차정 한랭 홍화 문세윤 거두어들 구겐하임 합쳐져서 소타 ##blem GLA GPP 기성회 아껴야 아카시 이웍스 큰일날 틀어졌 널널 대총 록산 머천 청단 페오 CAT 어리광 1168 물레방아 호그와트 Since Mechan States ZO 기륭 문간 엄혹 옆쪽 주업 한축 ##트로스 김범준 삼중고 Five 동백나무 ##쉬르 너겟 만가 찢기 친고 태식 풀럼 황칠 몰려올 하이로 ##itional Upside ##sen 래인 쇼어 약전 근무일 뒤처졌 라이덴 스모킹 현대시 호나우 ##rical 등기우편 Framework applauding ##랏차 몽이 처닫 PMS voa 격변기 나츠미 1192 Save 교대근무 로버트슨 영락없이 ##들어 ##랠리 ##abe 다홍 무일 미증유 블러디 ##edded 1709 Marine ##티안 근검 로블 로수 성층 완자 쥐여 직고 금배지 이준희 이호진 ball 다국적군 좋아합니다 ##UST GLO 대륙붕 바이알 1305 1425 1813 ##anz 옛것 이궁 임호 집속 짓이 행색 DJP 드라인 뱃머리 실어서 윤여정 리그베다 매그너스 ##WEIGHT PIIGS ##FG ##롤터 데포 도노 설쳤 세웅 ELD 김영광 만두피 수제자 재개봉 저런데 7250 지브롤터 칼스버그 ##아스 목심 왈칵 장옥 Sex WLP bel 사육장 어쩐다 온천욕 이창양 ##갱어 ##안개 ##향산 MQ 미그 백웅 안네 체해 허탕 레퀴엠 조갑제 케이타 헤딩슛 0003 1762 끝났으면 도플갱어 에스페란토 catalyst Analytics ##편찬 드메 들을 떠남 ##coin VII 개설자 대한다 소화력 아래위 엄지원 와타루 1236 1796 책임진다는 nowest ##불락 ##igo 남태 빈슨 서시 싱긋 그르치 자연법 1609 1711 quot 소스라치 POWER Demand 네바 데타 떠야 루앙 사급 세예 홍두 외워서 질려고 부둥켜안 ##편찬위원회 DREAM ##xon 눈곱 본즈 전호 젠스 하면 ##텅구리 기른다 떠넘겨 유인촌 정수빈 ##igger 1605 라틀리프 국사편찬위원회 ##윤아 um 명관 찰랑 탈장 숨겨왔 크림빵 패리스 2043 멍텅구리 Chris 권병 주윤 피닝 김장수 넋두리 마곡동 머리숱 민의원 왔어요 채태인 탄약고 팔걸이 브루어스 디카프리오 ##가람 ##ser 갈이 경음 단회 소돔 스벤 이앤 하니 ##쿠츠크 서평택 소이현 신성모 엘러리 전력비 준거법 질러대 1032 2430 돼지국밥 소매업자 나이팅게일 이르쿠츠크 ##면밀 급량 나운 둔한 맥코 변시 편심 김창룡 는대도 받아적 보존료 세종연구소 Forest bright RN 남잔 섬인 역상 한직 ##과이어 ##otte 박종수 스틸러 1078 1312 ##ily 껀가 란자 밴더 손순 진배 혼비 홍의 HSI 백혜련 보여질 수줍음 클라운 beat 스파이스 주도면밀 게살 김송 매조 뷰트 성어 점집 퀸시 탈구 FPD saf tip 나다니 연건평 올바름 ITER 맡긴다는 이어져서 코바야시 한국여성 Month 보여준다면 Twitter ##aceutical ##즈마 ##지상 ##호도 비녀 영삼 하경 낄낄대 빠트린 시험법 디렉터리 마리우스 써브웨이 집장 텐서 핑퐁 놀라워 들이댔 류승완 아랫집 양극단 에디트 옆모습 추천자 항상성 Expo 동맥경화증 ##탄광 ##bsc ZE 대급 설칠 이삼 GST Sci 박성욱 장진영 출혈성 1147 2360 라니까요 프렌들리 맹꽁 새총 엄만 황화 ##사이트 극지방 레슬리 1517 5150 Wise 알레고리 Insurance ##아요 욕질 Flu 관상용 라시스 아무르 양심수 전준우 촉진자 1516 들이닥쳤 불러들인 음담패설 ##ception Compact Healthcare 가일 ##버린다 BOK QHD 김대환 참가인 1072 ##벡스 ##익희 일한 누려온 물들였 신사복 1211 마하티르 needs ##셀라 ##예트 ##IPO 콜러 김완선 다구리 앞지를 찌푸려 1183 가지각색 ##듈럼 국중 권지 무오 품처 황강 금융가 돋보여 맹학교 아리마 이정기 작업량 특출난 ##타우로스 FAANG ##나케 만복 발려 어성 오력 털보 Hey SLR sal 모피아 발라야 이수현 프리먼 통한다는 ##수체 AQ 알기 우재 후디 ##릅니까 광전자 김진형 내화물 사이오 상습범 시험소 이원희 글래스고 기업사냥 언어폭력 ##low 엄상 GaN 가출장 뺑뺑이 1034 1275 다용도실 나동 마룻 성막 양향 난투극 살림집 엎어지 열사병 카스텔 먼지털이 모랄레스 불구덩이 ##EFL 군현 ##글리콜 갈게요 미세스 산산이 1604 Site 잊어버릴 ##duction ##수속 뉴비 운봉 떠나갔 버려두 옥류관 형광체 아연실색 오르가슴 탑승수속 쿠엔 개체군 고지방 박인규 백병전 베스티 수련생 2670 아데노신 한다더라 희소금속 VoLTE yoona 디스토피아 ##kid 망대 매자 불났 인발 작소 추곡 팽개 후선 ##한가지 ##shin NHS 구세대 대방동 뒤섞이 리아스 SOFC than 스케줄링 파헤쳐서 외력 홍덕 내려찍 다이쇼 빠뜨려 십일월 준다면서 ##누마 절터 쥬시 통가 ##illy DCM SNP 어니언 지바현 ##oster IFEZ area 하여간에 진보주의자 포스코강판 궁도 동란 마빈 몽유 변진 후니 Amb 재산가 1041 1048 1163 ##BG 말콤 숙영 은감 통문 희원 극영화 떠넘겼 엔시스 이정후 장인상 종양학 현존재 호르헤 로드스터 유료도로 평등주의 ##iamond 노스캐롤라이나주 걸루 엉겨 세리프 애장품 준다니 지으려 1187 Intelligent ##건우 동희 백열 응석 덧발라 미확보 얼굴빛 엿장수 4441 Chart 후쿠오카현 yourself 레옹 물드 정웅 SID 구릉지 옵니까 유비트 트라웃 후지이 Cand 매한가지 계인 받친 열가 울버린 포도원 ##철도공사 1313 eyes 공공복리 무기력증 비휘발성 ##입자 kh 나세 율무 가벼이 뒤바뀔 마셔요 아르타 이봉주 이순자 황갈색 PIGS 들이닥치 상업주의 타임캡슐 kimkw 나타낸다고 기층 박식 VCM 김성기 김재연 비동기 주저리 화장료 클레멘스 quality ##저버 구판 김청 맘속 무뢰 사친 켄타 회령 ##uber HBM Imm 김창근 1071 LAPS ##네오 ##찬들 몬하 바쁨 배넌 ##로나스 근무복 기계공 1208 2320 ##카토 상구 킨다 ##egin ##pres 갈라고 빨강이 입바른 추워진 곽동 용봉 착란 페네 현원 ESD HDL cgt 건강미 베네통 분류군 해둬야 헤로인 1595 도망간다 나윤 외숙 좌도 김영만 뒤로한 발전함 아즈사 이상진 해찬들 0028 ##생자 ##오행 력구 자린 태공 게임차 기흥역 김영하 녹여낸 조합비 1336 인도네시아어 벽장 진설 창촌 김시진 김현숙 만수무 민병희 박상재 이은형 이효석 정정보 지브리 집토끼 취나물 파로스 없앤다고 Automation ##언론 알랑 열어 장삼 픽시 문규현 보조인 설기현 1225 목적의식 야마시타 ##락탐 ##리쿠 꽁지 머루 메터 상청 쿠즈 산란기 월계수 이혼녀 전용주 초계함 사무기기 ##Tr ##도프 케케 태을 급여금 듭시다 무기물 빠져든 음악사 스카니아 커집니다 akang ashley Terminal ##재란 ##크릴 ##bin 경첩 당체 료의 영차 크뤼 해둔 ##리언트 우에스 장동현 1231 1393 ifrs 나카지마 독립신문 음양오행 브릴리언트 김귀 참맛 TBM 깨어날 누군들 돈다발 백승호 소비지 수급인 양효진 옵저버 바꿔야지 Treat 앨라배마주 France QF 계안 역조 쾌조 헉헉 ##디지털 Jet 대작전 동맹체 물들인 벌어들일 아오야마 Environmental 궁상 기드 삶터 엉클 처연 TCB mir 선취매 편집권 정유재란 ##니꽈 각안 석모 에소 졸랐 달란트 변주곡 일차원 전광석 정선미 차디찬 평상복 amer 그런가요 카프로락탐 니모 식지 장휘 밝혀줄 수상쩍 오보에 재감염 kcgi 돌팔매질 오스카상 share ##무적 노런 따와 성깔 DIM NAC 뉴트럴 멜라니 서명훈 애처롭 집중포화 팔만대장경 ##wer DY 광사 동격 발롱 태가 태창 hwp 레이즈 보수비 최종재 출전권 tool 발롱도르 Connected ##덴셜 금창 냇물 우금 유남 SAC TBT 거둬서 쿠퍼스 NDRC 스러운데 ##같은 ##대요 ##unn ᄋ신 감개 강식 자운 장건 훈구 돌담길 런타임 피츠제 황룡사 0126 기어올라 노린다는 딸아 일랑 Fle NOW 느타리 도다리 독트린 무단결 아이맥 응암동 나루호도 유효수요 사과드립니다 결구 경형 번리 신강 용달 의금 향촌 ##디즈니 ##지말고 개틀링 몸조심 아차산 초상집 크로노 1827 2880 Name 끌어당겨 영등포동 ᅳ문 강학 그윈 응웬 주하 핏물 krx 김해영 민병덕 엄친아 여성학 1345 ##군다 ##소성 rc 노종 손서 요의 진폐 홍국 mmf 거둬야 김상중 박정수 브래디 슈테판 음용수 펜듈럼 1164 격일 남희 뇌수 리벳 매슈 오독 종성 파제 호문 대만인 미라지 미쳐야 스트롬 임영진 참여시 추동력 카라스 1174 부정기편 스페이드 과르디올라 월트디즈니 Capacity 경농 민하 봉봉 심서 얼척 도피처 아니함 월수입 체이서 1092 COEX ##알데하이드 굶기 명호 산디 어고 주웠 철공 ##쿼이아 Dur 모리배 발매소 스키마 무거워서 Foreign ##새재 패수 매카시 방류수 보호국 조천읍 주니퍼 1235 Mits 문경새재 Va 누기 세티 송언 앨빈 임일 후프 김학용 다다미 epub 만수무강 산다라박 010140 Kw 당보 만곡 오베 ##ymex ksw 느껴짐 서정성 추가점 떠오릅니다 Initiative 구봉 면옥 베셀 출물 칠지 혼사 CNY eps 산줄기 저항권 ##스트리얼 Kill 보스토크 인더스트리얼 Architecture 악과 요염 조숙 건지요 건축재 김상교 신자유 퀴벌레 1306 아둥바둥 Products 떼먹 백본 숟갈 양갱 지함 ##껍데기 ##올레핀 ##함지뢰 ilo 기원후 김하성 드는데 살펴봄 유전병 제노바 복부비만 끌어올린다 ᄍᄌ 매터 백장 양연 조취 구락부 부침개 스콜라 영흥도 최혜진 탈리스 매입채무 목함지뢰 조강지처 ##디지털단지역 Version ##얘기 ##CAP FQ 고런 담글 비릿 우모 kjy 라데온 몰아쳐 아마노 정기회 1077 끼워팔기 떠나보낸 떠난다고 조리돌림 파나메라 ##나발 교편 데바 맥퀸 키케 편인 KMH 김기범 라호이 문성민 플랙스 해양법 근질근질 애너하임 sales ##덩굴 ##예원 급신 꺾기 몰로 벤딩 순성 연모 영대 정욕 느닷없 방어율 이동점 총부리 Pers 따른다고 안양시장 ##WI 민언 코뮌 헌제 금반지 김봉수 미칠까 구부러지 뚫어져라 레토르트 여의도역 프링글스 ##둬라 ##반응 ##상자 ##코로 스맥 외청 태현 황신 AFA 맥주병 울트론 유이치 허지웅 1314 1822 두려워한다 펼쳐집니다 Gallery Congress 기철 신마 차양 대리상 1089 남제주군 ##삿갓 ##효주 어주 오초 창포 ##idae CID SMT 미운털 기어들어 트로피컬 ##모호 ##저냥 심곡 ##비행기 ##즈버그 ##ario KNN 운반비 쭈그리 0017 헤이즐넛 캘빈클라인 Wonder 엘크 임헌 귓구멍 동해항 유상운 2038 Deut Fine 무단이탈 비엔티안 전북지사 찌그러진 한다던지 콘스탄티누스 곰보 남수 당회 써볼 엄홍 천행 헤나 희정 ##시우스 그리폰 요플레 1838 그래미상 SWIFT 으르렁거리 구작 리앤 윤화 관동군 민언련 빨라도 산업별 유재학 aj 깎였 양항 죄이 취중 빈라덴 1788 ##윈도 강마 개취 반여 발문 심동 지윤 후금 ##대주의 ##플리카 ##2450 고장났 공로패 내무반 성복동 아베를 지현우 나목 윤철 제삿 ##제라블 MLP bbb 단편집 아랫것 이마이 간다는데 뛰어다녔 레플리카 벌떼처럼 이어질까 ##호프 범서 승환 총총 파바 ##납시다 노다지 또렷이 찾아본 1607 출렁거리 레미제라블 ##멕스 곱절 변량 살날 승락 이샤 탁탁 ##전자전 ##8340 마이산 1178 ASIC 스테이시 채워진다 ##를린 등사 라든 레자 린나 말똥 쳐줄 자산주 친다면 Golf 스맥다운 아닌지라 POINT 023530 ##곤증 ##타포 박약 샌가 연선 중북 피더 헤세 POM 플레디스 안토니우스 ##off RTX 공업화 맘고생 시킬까 이선호 Quest ##BB ##균상 ##RAS 빈센조 실려가 캐시비 토착민 회의론 Hang 뚤린 마세 미보 아펠 Jos 개살구 김선희 신흥동 움켜쥔 윤균상 진보주의 Processing ##깍지 ##마님 별곡 사쓰 염창 투리 풍덕 곡사포 돼지띠 머그잔 움츠렸 집적도 카센터 ##체육부대 4650 국군체육부대 탈동 환해 수학식 TOUR ##벌떡 다둥 봄버 뺀질 주천 처인 ##그레브 게이오 헬무트 ##공상은행 1061 2460 3030 자그레브 중국공상은행 ##귀지 멸자 서두른 신기술 장휘국 풍토병 당일치기 ##짐작 ##uls eb 귀주 소로 저드 Cla may 결정서 박태원 4150 애매모호 눠 jk 권파 로모 볍씨 소월 시암 역법 외봉 파래 ##파르트 GDi TTA 베들레 순환선 이유진 오버레이 active ##벤키 결력 서커 성리 김재범 사교계 살풀이 한물간 호민관 1325 게슈타포 괴로워했 준다니까 템페스트 basis 권창 김풍 마정 시랑 잠행 ##신소재 Hum 이은미 자이데 최수종 흘려야 소래포구 코스모신소재 대반 련장 윗면 치레 경이롭 다이치 댕댕이 성조숙 심형래 야무진 1509 1683 안산시장 ##ek ##isf 갑지 범절 산보 송관 윌스 좌대 토정 OPC 교회당 김양건 느껴진 전국위 ##마니노프 줄였으며 Other 라흐마니노프 Premier ##선물 게티 금쪽 빈자 역순 김동완 김성재 끌려갈 끌어와 미들급 방광염 심상찮 갓난아기 난공불락 ##PF 메건 지롱 질척 ##icks BIO 밑부분 애청자 어스름 이원재 챈들러 1452 1787 들이닥친 안쓰러운 흐트러짐 capacity ##UX ##콜로 농우 상량 상리 섬서 창민 초병 항식 EXP 시에나 유리잔 저리로 1612 이러다간 Startup 백복 여동 왕징 유초 툴툴 퍼서 합전 로워진 센티멘 쉬워요 지워야 추모객 전륜구동 지질혈증 흘러내려 Maria 아킬레우스 밤섬 임조 점선 대천사 ##IX ##VR xs 냉엄 본들 수간 컴필 관악기 낙랑군 본위제 허남식 실사구시 컴필레이션 ##양요 ##전서 수척 엿듣 오와 유오 으으 컴팩 내친김 뼛조각 ##stone EURO ship 크리스퍼 License 심축 텐디 황윤 김건희 발전부 이백순 셀룰로스 이자스민 rh 디마 재천 천중 ##리다매 CLX 공공건물 박리다매 서아시아 라두 르마 르미 몬지 봣자 황시 Tar WAN 관광단 나룻배 대명동 슈스케 젖먹이 청남대 콩국수 해럴드 엘라스틴 ##정이 tt 성낙 어번 젠슨 품바 wom 간선제 눈송이 자위질 1047 살펴볼까요 supply 세주 월명 작법 ufc 최종심 파이크 선라이즈 헛개나무 ##bridge 091990 ##니온 ##hol 사규 선분 성중 풍상 ##저러쿵 ##itas 박정아 읍니까 이진호 1778 ##동글 기영 뒈졌 법서 정극 카산 Ori 고문단 복호화 정상부 캔커피 무인점포 미칩니다 폴란드인 Clear cloud 아키에이지 yr 건빵 분체 솟대 송학 신위 오예 PTT scr 좌경화 차석용 0087 1521 1616 레이몬드 인디펜던스 개산 대평 마쿠 방행 헤징 홍춘 PPC 관광국 다나와 이유미 전해상 철학사 BMSI 알린다는 earnings ##매일 감편 민둥 삼한 투미 헨델 빈민층 사천성 1582 Pink ##II 뭔줄 숭숭 그른지 느려졌 이용도 친화성 게릴라전 동글동글 세이브존 트랜스퍼 나르시시즘 ##ifferent Country ##버들 교당 김석준 셰필드 mice nyse 그냥저냥 자가발전 filter 이러쿵저러쿵 딩동 복마 시큼 현호 SIN 매지컬 모스코 을란다 이화학 잰걸음 헤이안 1033 Days cond sequ 보여줘라 ##운송 ##TEL 동류 류근 압기 어빙 치요 ##모바일 ##ynot 윤건영 1317 Simon Baltic 관선 관함 욱일 쿠미 ##주가리 VGA 모래톱 선수재 자치체 잡아오 전기로 중력파 칼리프 통신대 는다든지 Computing ##매나 왕지 주암 푼수 RBI 내게서 비공개 이리로 조경수 토니안 0322 1161 2065 online Convention ##진데 곡도 곽태 백영 분내 산통 맥문동 무보험 미술상 신경민 안드레스 오르내릴 일성건설 ##놀음 gi 촬상 KLM 논다는 문산읍 송병구 어떠신 이호철 짓눌려 1624 tsmc 패배주의 늘어났으나 삼국지연의 엑스칼리버 Controller ##롤라 ##루시 ##페스 걸쳤 본품 엮음 구제책 문학부 박한별 이미숙 인조인간 도부 러츠 묘약 뷰익 신법 안서 잘록 ##elli 감마선 군사비 김아름 장개석 전통차 환기구 1534 내린다면 빠진다는 ##vement 네브래스카 ##효율 구암 양위 우랄 일취 해몽 후비 ##랏차차 AOI STM 노경은 대여점 스카페 안재성 ohjt 으랏차차 베타서비스 Hospital ##맨쇼 ##텐션 들림 엽전 VAR 대장부 라이츠 미쳐라 억눌려 원맨쇼 1044 1772 Shin WKBL 관음보살 블라스트 인터랙션 내셔널리즘 ##빨래 ##평론 QX 땅크 라민 사아 주린 공사판 김상철 넘어감 몰아냈 심미성 십상시 예카테 저걸로 ##abase 가재도구 오벌 전급 공릉동 박선숙 쇼윈도 여비서 2420 STEP 체약 BPO COD OMT 수송대 싸움터 이세민 파르마 1207 1412 관자놀이 미나모토 천하무적 턱주가리 코리아닷컴 whynot 보건의료노조 부창 샛강 양남 제껴 DMA 노골화 무용담 벗겨져 conf SAN 계신지 봉수대 하석진 1059 4350 엎드려서 폴리올레핀 ##다감 산송 윤가 의적 잠길 하민 김진성 부곡동 삼나무 이기영 중재인 ##place ##ZY 끼인 데메 백담 조근 혼소 ##Work 부동액 스티비 재정리 처세술 그린카드 남북문제 내셔널스 베르베르 watch 롯데캐피탈 반유대주의 ##반석 ##화합 두릅 통권 ##LOID imm 농업부 망아지 지우기 통의동 1689 wall MASTER 국상 렀고 엘바 일걸 일극 추존 칸쿤 활법 usa 대사헌 로열층 무언지 적재량 지상렬 오시리스 편의주의 오펜하이머 브란덴부르크 Solutions 명고 패도 시동생 아베오 학년제 몰아부치 캐롤라인 stage research 아탈 압델 우안 피벗 들국화 서두를 중고품 착해서 청백리 Tian 다이제스트 ##구매 ##터넷 이류 천양 철광 한둘 구부려 주세페 형수님 1063 1422 건위 구몬 달초 목례 물욕 업고 용쓰 장릉 해왕 황충 가졌었 고지도 김상진 박일준 숙련공 유리코 환치기 다정다감 아니한가 앙투 일촌 차만 품류 필치 뇌신경 아웃풋 1186 ##ulator ##갈리 ##켄지 접혀 미설치 법조문 이윤열 제러미 제지업 1265 낙이 목뼈 부면 분소 브롤 싱커 엘도 열섬 쫄면 탁발 흑점 구속감 넘어올 방화동 양도인 졸업반 ##embly SPEC 시켰으니 하버마스 ##쫄깃 ##츠비 속좁 앤틱 풀림 Bor SLA 구석진 맹꽁이 미트볼 윤홍근 장기성 토파즈 ##NGATE 사찰음식 ##asc 샤샤 식탐 안약 오나 원위 저려 커요 파파야 1826 두루마기 신세기통신 VPNGATE ##쓰듯 꾸물 신묘 오민 은단 주서 날라갔 볼텍스 서정주 연구생 정진영 즐겨야 총신대 치즈볼 클린트 하이즈 ##도시가스 1169 1781 드라구요 이글루스 쫄깃쫄깃 Stone ##는점 ##태자 들를 라포 력도 스호 욕보 징가 몰아줬 예쁘다 요사이 인드라 중경상 2110 다크니스 메탈기어 LW 민숙 봉환 숙희 순록 오희 외줄 의관 주욱 현신 소송비 인코더 찢어졌 부대사업 ##rad 개안 반통 승재 쑨원 아샤 우든 의치 의태 제향 치려 코업 ##슈타트 개츠비 김삿갓 박재현 재활원 할라면 1273 prim after 강청 국실 대속 상좌 의궤 파하 가회동 김동희 라고는 이따가 이음새 털어놔 exid 피리어드 루오 카논 ##로워서 ##웨이브 Aqu MIX 송민호 안식년 연고자 전학생 사이타마현 유봉 편재 라파스 사보험 인쇄술 Move cafe 지형지물 glass present negative 반절 용추 은대 중헌 IIF 구자욱 다던지 로런스 물쓰듯 이동평 최신예 탐사대 폰타나 fall 사다리타기 김행 남국 리교 쌍무 진숙 pyo 메피스 인명진 ##벨리스크 1091 ASCO Number ##들은 ##양면 귓전 불호 승관 초췌 해령 회현 박효신 서재응 1435 1503 TYPE 탄산가스 search ##끄덕 남호 법가 탁본 ##벚나무 강해야 삼지연 ##운송사업 1504 브라우징 전광석화 항공운송사업 analysis Beautiful 링단 모후 비클 성간 애달 종구 쿠나 부원군 에이피 파티클 ##ifier CMIT SBHI VISA 로댕 말띠 유향 백운산 뿌려야 스크림 Late 오벨리스크 ##파소 ##TON 강두 구교 유철 lgh 난파선 르블랑 리버럴 지원병 ##Force 4450 다룬다는 성조숙증 증거조사 찰칵 총칙 콩두 쿠보 Emp 뒤척이 문정희 박영호 뿌려라 사창가 홍고추 뜨거워졌 Infrastructure ##ᄀᄋ 도법 마빡 ##랑드르 김동호 삼천당 선다는 예약금 인수단 고꾸라졌 구약성경 동족상잔 부탁드리 사무관리 Maker Sharp science ##쟁의 클림 ##공원역 ETH 김동리 무거울 1093 공원묘지 역곡 워리 헛돈 겉치레 달아날 박혜진 서술어 하종민 1182 받아들임 펼쳤으나 20180 006360 ##JU ##워터 ##형법 박판 백모 선족 엠보 주항 짐머 찔레 푸리 마키나 신기남 열효율 임동원 1219 멕시카나 재무회계 눈뜬 php 귀요미 내몽고 언스트 진작에 홍문표 휘둘릴 1266 1409 위한다고 페니실린 셀룰라이트 ##불변 놨기 란가 BAR JTI Spl nar 이인원 이해선 coll 돌아본다 풀어낸다 플랑드르 ##GY ##SK 문교 절여 타비 합신 BIE 박건우 선입관 최불암 하이고 1074 1786 카스티야 server 빠꾸 ##ises 구의동 김주원 두려우 안진회 엠보싱 헬로모바일 Reduce ##짱이 다보 무쏘 지태 철장 ##체인지 뒤틀림 잔챙이 출렁일 1189 폴리페서 외비 제살 죽죽 체공 공연계 국어과 방화범 살라미 짱박혀 클레멘 끄덕끄덕 Remote VOCALOID 통금 eye 혐이다 화수분 1823 lead ##문자 ##avi 견사 대롱 베프 잠가 패잔 푸둥 ##던지기 ##부조화 SCA 로워야 수익력 흥사단 오를수록 하수관거 인지부조화 ##lim 보지 ##abil 난민촌 미야기 시켜요 창저우 카포네 헐떡이 1181 1397 튀어나와서 ##ran 닌깐 모평 어대 을씨 장론 차령 합죽 Dim ENT Jud 캔버라 ##shore apec 나옵니까 Frame Resource Sustainability 가법 노티 루킨 바부 션트 재액 로우스 생고기 ##브레이크 쉬우므로 트리폴리 ##ves 근년 농소 세틀 신충 자편 깨져야 드리웠 벤쿠버 볼테르 실권자 외래종 조중훈 처해지 협상장 ##arian 1725 메탄가스 베르사체 ##tu ##나칩 ##플리 Ky 소윤 심당 오남 맥크리 수지상 시퍼런 오닉스 전기공 매그나칩 RFHIC Practice Resources ##루이 두지 통항 FES 김선일 까르보 사오정 수리검 이창희 자연석 IIDX Wide ZONE 책상머리 ##ERT 궁의 능정 수체 김현욱 1036 1405 1445 이끈다는 파밀리아 ##루지 ##cat ##ski 꺼도 드세 로소 물위 봄이 티거 ISC 갖춰질 개선문 더우기 던져라 뒷얘기 소문자 쓸어가 압바스 에브라 영구치 친오빠 국민생각 innovation ##두구 ##rik 볼려 아든 유티 최사 펍지 Bot 가쓰오 김기홍 민화협 이상봉 탈모증 1608 2143 앞선다는 ##idation 내쳐 몬순 옥돔 유달 임란 ##대집행 리브스 사무치 염경엽 해버려 1728 suwu 미야모토 케이에스 Steam 행정대집행 indust 갑당 강색 거등 송추 ##pose 노이만 뒤처질 진성준 0027 그레이브 ##만증 ##산염 내도 미가 빼냈 슴다 짠다 청서 해구 Hed 랍니까 소작인 윤지호 정운천 트래커 활화산 Nick 래지 삼고 연철 익월 채리 포청 프랫 ##샤오촨 ##측만증 셰르파 알파카 ##uters 모빌아이 솟아오른 펼쳤으며 저우샤오촨 척추측만증 ##imation 복실 석성 식겁 핵종 청록색 세르지오 재고순환 파피루스 Consensus ##겨움 ##테온 ##해라 Zn 고매 닭살 스툴 EMU 강호순 꼬라박 라자드 만다라 페이드 광화문역 날아올랐 트라이애슬론 경막 손민 응께 인욕 읽혔 쁘띠첼 조여정 Zoom exper 장난꾸러기 Federal JN 두창 민기 불손 열녀 웅대 Abs SAR 강성대국 더듬거리 충동구매 material 구중 노유 랙스 엉키 켄달 McC OCG 건너왔 땡처리 이수민 정호성 조세범 1535 mobi 해준다고 Position OJ 단사 도레 명자 본동 영매 적하 yjc 로켓포 소노마 실개천 전인지 camp Exxon 일어났으며 기서 PRI SBC our 에스겔 해온다 ##onent 1052 1213 사다리차 ##표범 vm 경철 앙트 진장 Atl MSM 농산업 불구속 아덴만 오가피 중심점 1046 1149 만난다면 scale Chrome POSTECH 닦달 메서 역본 익수 Any SKE 고종완 소득액 시저스 통일감 1193 1828 뿌리내린 증명사진 ##아민 ᅢᄁ 강설 김산 물엿 불심 국방군 서경석 오포읍 유지율 직판장 푼다고 1478 이산화질소 ##uer 갑문 둔탁 석공 초벌 ##olar CFR Sus 디모데 식도암 잔나비 키워줄 해독제 호계동 1081 1364 1764 떨어트려 확고부동 황금시대 MUSIC ##병사 np 권경 번돈 작음 청할 ##카를로 AIM Lar RPK 알음알 우이동 총무성 1194 1565 기회균등 139480 ##숙도 ##약볕 나하 배명 범종 선업 재환 카빈 황위 회춘 ##옥수수 결핵균 요시카 이동원 편성표 에이브럼 Reading ##격동 ##티니 ##aca 냇가 노닐 찰진 풍등 꾸며질 늦둥이 발붙이 시오리 양쯔강 종교학 판공비 판테온 평화재단 아드리아노 공공근로사업 ##현숙 ##eon 결지 신록 적확 회송 김홍식 다면은 담겨진 엄폐물 을숙도 1611 2041 신논현역 Client Nikkei ##영업 ##홍기 미덥 찰싹 콰르 휴정 exc kom npc 밀어줬 야전군 카즈키 1308 1395 정찰위성 ##master 가져온다는 259200 ##고돌 ##스존 백약 상안 성차 입네 콤마 함도 ##신성인 김창권 되새겼 몬태나 법주사 셀린느 으시오 1167 팔아넘긴 ##흥동 내노 이녀 ##풍뎅이 장타자 클림트 멘델스존 베르테르 살신성인 워리어스 레닌그라드 ##가이 ##대실 순부 친환 ECH Len kbl 김세중 동물학 박한철 지랄병 1311 김난 평활 구부정 부채춤 순수입 이용실 작곡자 직장암 탈출증 티오피 1715 Grad very 을사조약 잡아당겼 ##OCK gd 각마 군제 레조 부항 운모 홍군 흑해 Ath 동료애 사바나 침방울 CHINA 순장 윤길 제온 체도 마사로 물냉면 볼린저 알레산 알리스 이부영 한아름 1712 꼬모 로변 무덥 장백 편서 함바 ##탐대실 txt 갈라치 남상태 산성비 stat 산등성이 머물렀으나 ##ertical 디알 어명 왕수 ##케이터 검사원 김병호 메타포 연병장 을씨년 팔씨름 1368 문학예술 서대전역 소탐대실 unist ##공군 레테 소곤 어초 차야 FOX 김계관 도야지 미연방 삼별초 알타이 점수제 정일영 Lind 환경연합 공군사관학교 ##결사 ##에라 고간 김단 론도 언로 촉한 타머 김의원 남겨서 눈사태 방호벽 얼룩말 정영일 조진웅 쪼그려 천왕봉 타츠야 판토스 국방백서 다가간다 산타랠리 쑥스러워 ##가마 누빌 무악 문필 배태 볼꺼 파벨 권선주 막아선 블리치 월출산 이진성 큐릭스 ##otech bond 스포츠맨 중심인물 ##어서 ##열음 ##이의 ##키들 기노 독종 해아 깨뜨렸 장관실 대마불사 올린다면 장사정포 ##파워 ##ahn Pt 고적 석우 셜리 정군 Nan 병뚜껑 유키나 분신자살 일심동체 office ##수트 ##주제 고타 첨언 청마 촌의 깨트리 별똥별 송언석 이경자 자일렌 score ##게니 ##NCE Yu 뇌격 디퍼 따러 윤필 일민 헌종 겐세이 김동섭 김진규 적어졌 최정상 1159 무스타파 Three ##첼로 몰링 수근 전안 토구 ##니다드 운동권 으셨고 이해심 헬기장 1829 트리니다드 ##마타 경봉 물신 예린 조량 좌국 준단 필동 뎅기열 을는지 츠바키 파슬리 내려다볼 달아오를 도매업자 토지개혁 인터체인지 personal ##고르 ##리역 ##즈만 갈굼 갈륨 건희 쿠치 회시 훼리 희경 MOA Pow ZEW 글썽이 단색화 무사증 솔방울 이소희 인간관 중상자 1171 1759 Cham Reco ##마츠 간쑤 내약 북도 제석 Bet 가지마 레일건 1166 신약성경 버펄 삼선 샘슨 에기 주발 TSV 슬러거 이재혁 줄까요 중화권 최고참 추임새 1391 ##일대 ##학원 반핵 방준 붕붕 영솔 재잘 조익 김강립 올려놨 이필모 정운호 브라이튼 삼성타운 신자유주의 친정어머니 hb 방생 윗몸 퀀시 포우 겨울날 나무판 디바인 문국현 뭉가는 불승인 오르골 절도사 HAAH ther 텨 ##oda 니랑 음증 질경 GRO 엄홍길 조용기 ##aurant 스테인리스강 스트라스부르 권덕 성감 염리 bag 극소량 넘어섬 레이튼 사브르 세션스 1717 Liiv 어울려서 Compliance ##거울 ##라시 간언 걸으 민효 버저 여개 장봉 제염 개표소 금정산 오우거 층층이 ##acing 고꾸라지 형식주의 받아들인다면 ##전차 경천 밀교 사탐 썬팅 캐년 패할 헤링 has 나쁜데 발트해 밤거리 전주곡 두근거림 사우스웨스트 롤랑 무를 이즘 ##메데스 김지완 눈웃음 도밍고 랑세스 시타델 어긋남 올라앉 이중창 1455 Kbps 비밀결사 중화사상 WR 광과 기비 레킷 방염 버로 분연 산개 임협 자천 장천 특식 ##벤키저 괴뢰군 망신살 Meal hydro 레킷벤키저 ##연한 겉감 미셀 새내 실미 와콤 충혼 CDR 구자경 나우콤 노무자 브로이 코모도 파울러 변화없이 지킬려고 크리스트 Vista ##러햄 몽돌 베키 분필 애창 야도 열하 한갓 가서도 권선택 만수대 지뢰밭 1049 겨울연가 쓰러뜨렸 에이브러햄 default Refinery ##늑약 ##aux ##erc 도치 밟혀 엽총 중핵 쾌차 토킹 ##ogue CNP OTS 남인순 댄다고 보조비 준전시 을사늑약 남촌 백출 오륙 잔불 퀼트 품의 활수 Nut 글리콜 박창진 배전반 서빙고 앵거스 자기계 케이코 IPEF Andre TY 곤도 굴린 박충 벼루 체커 경성부 금강경 문가영 엽록소 이동희 이시언 조배숙 축소도 맞춘다는 ##월장 눈귀 분봉 인인 큰돈 혹하 환선 ##Cont cto 말라카 연막탄 이광호 ##터미널역 달라진다고 ##ems 바덴 번짐 슈넬 1268 Shot 그친다는 찜통더위 피츠제럴드 Christmas ##만식 대약 보군 상악 여남 테코 har 김성철 소송도 아르마 양제츠 양학선 이상한 현주엽 BIFC Karl 변합니다 일생일대 애니플러스 always ##사무 소승 장방 정림 KPC 배다리 부정의 이기흥 조선일 쫒아가 1069 1406 1703 끼친다는 development ##건대 병산 잡념 ##가랑이 Kin RMS 버텨낼 총집합 4680 FTTH some 중앙집권 다이너스티 떨어질까봐 ##ependent Venture 더티 횡사 휩쓰 ##plus 내력벽 냉동기 베짱이 보수성 보신주의 일취월장 POLED being Vietnam 니클 숙환 순영 연착 천영 ##imes BBS ᄁ들이 아마데 이세이 찬드라 다는군요 두려워한 비타민제 생겼어요 ##KEI 금부 빈지 이역 일땐 투라 ROI hsh 이용찬 ##asing Stra ##izz 내맡 일라 파프 필경 산울림 선동죄 진경준 아지므로 around ##aze 도세 말엽 서찰 아원 오언 츠루 합본 김봉진 김영사 은행잎 이찬열 타지마 투입구 BLDC Myst 되돌아온 ##구녕 부권 쇼타 결투장 당긴다 1038 민간사업 아니면은 취한다는 감삼 명원 오파 풀무 ##시스템 Cho hal 가레스 무상교 쳐부수 하프타임 ##ington Shale ##규소 구통 요네 증회 크크 ##젯거리 ##ucks 강금실 노사연 슬퍼할 싫어함 이민하 전통술 최종훈 탈무드 1079 Debt 세웠으나 와이맥스 찰옥수수 헷갈린다 Washing 굴드 만자 새댁 집무 CRC STI gal tom 안티오 연지동 줄어야 학령기 1594 출애굽기 ##상경기연맹 바짓가랑이 통일전망대 ##보낼 ##생존 ##승희 동운 루자 화토 OGN 김태한 안병훈 용팔이 이겨도 호루스 후지타 ##건설은행 중국건설은행 ##윤식 ##udi 루기 청조 ##베를린 강력계 사오니 이휘재 ##athan 1475 1797 글라이더 중화요리 패스파인더 Qualcomm ##MB ##천가 ##imo 닭띠 시레 옥련 원식 청청 행제 ##asma 깨뜨려 붓글씨 서판교 이석수 1758 마호메트 flash Tu 개피 모난 배편 점마 크랜 개강식 박한이 반신욕 백스윙 얀데레 ##지수선물 Train 주가지수선물 ##턴스 머치 박래 벙긋 ##교차로 GET 건륭제 김강민 디데이 살라딘 이바이 크래쉬 불렀으며 우에스기 일어날까 Choice Francisco ##우탄 종민 체시 치실 HPE IRR 배성우 성우진 의금부 인물화 제후국 혈전증 Cree Nano Pear 아오지탄광 ##록나 가젯 겉핥 녹초 맞혔 멘션 방긋 인국 하례 화용 ##숫가루 박영훈 송병준 아시나 ##아메리카 줄리아니 YU 경양 군다 씨이 오픽 일미 AIS Mhz men 계간지 서진원 자비스 쳐바르 2260 cheer 회전교차로 거냐 기급 뇌하 메롱 미끈 브링 ##자지라 강병규 김수남 라이토 와스프 조급증 증산도 2156 Vinc 뇌하수체 알자지라 Tokyo 중소기업자 ##워커 법자 ##과학관 DTS 김인경 새소리 선악과 소수파 에로게 1335 wire 오랑우탄 저질러서 ActiveX ##재철 누벨 린네 미파 장길 주란 행지 황송 ##iams bul 고경표 서인영 이영렬 추상화 2470 느껴진다면 ##도시철도공사 국립중앙과학관 ##자박 금한 덕선 어순 ##훈련소 GIO ahk 기름지 상소문 1255 육군훈련소 ##Sc 강퇴 달까 목천 셋방 dlf Hope 적자생존 player 결벽 돌솥 발마 순감 진혼 파렛 강수계 로커스 부랑자 스타더 Rank 없앤다는 ##앤텔 이쁨 김영한 내리꽂 선전전 이경영 치안감 Crypt 부르주아지 ##로제 깝죽 매봉 안당 항차 ##웁시다 ddp 걸러서 남사당 드러워 목적어 시바스 오승주 이승원 쪼르르 서큘레이터 ##oni 등뼈 만감 원분 고생물 으냐고 장식장 land Ether 서부간선도로 강계 딸딸 별게 삼락 후박 말발굽 2410 성원건설 ##의문 sv 밀사 산포 정탐 첨보 마들렌 브루크 소유욕 시오스 유세장 auto 불쾌지수 자승자박 자위행위 한일은행 브로마이드 Catalyst ##몽드 eX 동촌 사송 산곡 약선 용군 원간 ##uary Kir 판유리 1239 나올까요 녹색교통 바겐세일 ##돼먹 디뎠 야투 짬짬 ##etch 고니시 동정표 때려죽 자아낼 조현오 주물럭 훔쳐간 갖춰져야 굽이굽이 모터보트 CHECK govern 브레이브걸스 ##사발 랑게 본시 비차 완숙 향취 mah 난지도 사토루 스피크 일기토 절박감 집단군 타케루 투과성 1177 1413 륨 소토 신리 청경 고메스 지껄였 ##비어천가 1404 ##사과 ##DAY 갈바 미열 보졸 불티 정난 Cro fis 노승열 대정읍 루시우 샤를리 아츠시 여겨왔 1037 1357 1635 Bird 언어유희 흐드러지 ##백가 ##아세 믿겨 신출 중마 지순 특등 BES 김형수 꽃동네 나츠키 눈썰매 조준희 타이기록 국가인권위 ##사쿠 ##젤리 부라 윈난 죽산 Jay OCA 난데없 대부도 짬짬이 페트로나스 Colonia Coverage 공한 야가 인태 지희 MCI Mut PEC 교향악 국수전 긁어모 승전국 아궁이 황병서 Juan 나눈다는 배산임수 Gross ##보송 ##표지 경회 납땜 부내 알프 우근 운양 자추 가좌동 깜둥이 마오리 시나위 율리아 4550 Implied ##절이 ##토판 광열 도소 동홍 뜨이 쁘아 성량 심학 인왕 콘돌 Xia 낚시질 습니당 양수기 폴리곤 허구성 2055 보송보송 흘러나와 ##bb YK 딴짓 울라 Beh 국악인 신동호 1375 UNGC ustr 아닌데다 종균 진생 진증 홍세 ##avas ##ente ##oche 불덩이 ##Query Tags last 키운다고 Renew ##레프 캐넌 풍작 때려낸 양림동 이명철 재시공 명예박사 트립토판 ##asm 네년 백치 서금 점술 콩쿨 Cru RCS 교회법 김용훈 렵니까 사관생 이츠키 콜버그 쓰러뜨릴 항공전자 ##사자 ##폭발 라군 루르 묘년 초필 하브 ##체스카 APG PKG 멀찍이 슈바이 이범수 익혀서 프로즌 1257 국제항공 메피스토 발달시키 Leadership ##친코 버둥 손세 유청 자로 향가 ##무라비 STU 김갑수 알라바 어이쿠 월리스 유우야 으스스 종무식 친고죄 허용치 다뉴브강 보입니까 에어포트 쳐들어와 함무라비 study 아나톨리아 프란체스카 ##achi 방어벽 번개탄 불계승 불신임안 recession 여몽 철마 코뼈 헤맨 후도 고려장 넘쳐흐 파친코 Benz 제갈공명 board Flight ##봉기 ##장식 벵거 샌더 손문 터울 ##반도주 디렉션 멀티숍 아리사 장성민 야반도주 ##테가 낯빛 봉평 수범 엔케 재론 총관 펠라 허은 관함식 백기사 자경단 1774 나무란다 부리나케 포니테일 요하네스버그 안청 몰아닥 뽀록나 서현동 소주잔 이영준 0336 누릅니다 드리워진 메가트론 무주공산 반동분자 햇볕정책 ##초려 군말 다호 당동 메나 쪼갠 ##스토밍 Wee 대화동 라디칼 버로우 사상사 카에데 king 가나자와 대성그룹 수습기자 조지타운 Spect 구마모토현 브레인스토밍 Government ##착의 강천 과유 ##나이트 재등록 헌혈자 미숫가루 삼고초려 심해져서 안쓰러워 consumer ##알토 금왕 나를 노카 용혈 탁하 황세 ##레이팅 TSM Veg 김옥빈 네이선 던져졌 에리트 재생성 주워서 1572 베오그라드 machine Mountain 연표 자찬 주출 ETP 검사제 비탈길 전현희 정강이 포도청 1556 Dram Germ west 골드버그 인상착의 ##피오 다솔 돼라 매닝 밴시 전홍 폐륜 NPO 사보이 상조업 사이드암 이스마일 Delta WL 곽승 세베 종계 GLC IWC SIB 라치오 신세대 네덜란드인 ##chi 다영 례지 채화 Enh SIA 손해금 시추공 통행로 ##노래자랑 ##eless 1042 1209 1502 들여다본다 전국노래자랑 ##제마 ##파잉 건부 장효 매매혼 박맹우 스트릭 이나바 흘러드 Lite 세종실록 Wanna Download ##쿠마 네크 떡잎 뭉실 최항 대왕암 시스타 용현동 쫓아갔 헛기침 용비어천가 Yellow 페테르부르크 ##로랑 wa 무무 성천 운가 활극 ##프로렌 KID SFA 아타리 엘더스 여겨진 일체화 재역전 풀려날 1485 1602 대제사장 랄프로렌 nymex ##눈깔 ##셈버 ##위츠 개일 긴지 단리 성혼 천무 타향 관련지 렉싱턴 몽골어 정어리 평면도 싸운다는 ##elo 와디 ANC Led 가바나 개인용 볼품없 선동자 전효성 피란민 훔볼트 Task 맹그로브 플라멩코 이뤄지기를 EuroSt ##적인 고언 미금 연향 자길 전율 킨더 피정 희년 ##ugar TUV han 단결권 디셈버 마일스 얼씨구 Load rain ##enberg RQFII person ##DAR 건업 삿갓 설주 좌현 ##ucky Hat 나온지 루카쿠 무기한 정재호 피바람 어우러졌 최고위층 ##맥진 시폰 알밤 애마 언지 을미 일호 자액 ##니우스 ##케이노 ##acon squ 기계실 났으나 복잡도 부흥회 피콜로 1627 기진맥진 카스테라 느껴진다고 tc 교점 굴포 링가 차간 ##ersk 박근태 소쉬르 위인전 주주제 청백전 뒷주머니 베라크루즈 Inflation ##룬궁 ##미쓰 슈거 푸름 데이드 망월동 사카린 제닉스 증발기 투피스 1682 BLUE demand Concept Executive ##Hg ##LCS dt 노민 석쇠 옌스 콩알 LEA UDC 관상어 나쁜지 부착물 윤영석 파룬궁 행사비 1567 9250 대항해시대 완행 김두현 이기우 패잔병 확정시 1377 마룻바닥 볼케이노 ##것들 wf 쉬리 백련산 의용군 축하연 태종대 1583 Chinese Defense Response ##니크 구회 금문 부미 치와 ##jeon ##tion 강준만 결과지 김재욱 늘려도 로마네 베크렐 봉오동 상속권 아라곤 약산성 이철성 ##금지구역 아마이드 험프리스 들여다봐야 ##지야 노덕 절부 쿨라 ##데스다 FSA WEC 말머리 우치다 0109 1765 베데스다 일으켜야 프리메이슨 비행금지구역 ##산기 ##차오 면해 손기정 오원춘 이준용 페르미 MENA 솔리스트 피보나치 EuroStoxx ##교류 ##보로 Ju 까까 는진 직녀 ##생로랑 낙농업 드러그 비행대 수은주 잔혹사 SDRAM Nu 근작 달체 세광 소난 캐모 행당 화지 Lew 느낌표 메디나 속상했 이홍구 0092 Most 캐모마일 ##부기 ##상인 만재 말대 발머 솔밭 승석 어거 SSC 걸리버 나부끼 버텨왔 범고래 보호수 자생지 늘어뜨리 들으라고 모의실험 ##딸랑 JE 단심 달굴 맹종 와병 ##와이어 ##6890 ##zhou 높여라 부채꼴 접촉도 전기공업 금복 도윤 범프 요조 일찌 지랑 가부키 모쪼록 조종실 채권국 Volt 보디빌딩 하이랜드 호나우두 ##부시 그랴 꿀잠 야부 야제 ##town 구절초 남태현 맥시멈 박주현 유타카 투나잇 해줄지 Cann ISBN 뒤따라오 newkid ##도민 객지 레라 성계 안단 주덕 지공 참뜻 풀로 휠러 건너갈 샤리아 수리공 신봉선 오세근 1685 ##상관 IZ 무익 성무 신후 앉은 은혼 EBN 개더링 고덕주 아닌게 에라스 가까워져 그려낸다 ##해머 란도 마전 속사 식해 심통 어근 창천 통돌 평내 ##며느리 꾸러기 대형화 들여가 마스킹 발전위 서편제 소수당 쓸수록 주영훈 네크라인 시리아군 ve 선자 연태 테사 KBC 다각형 였을까 유행가 1191 into Pipeline NZ XJ 간성 누만 문틈 아질 우식 줄창 IIT JCI 소지인 오연서 원종현 1763 ##vision ##백중 설영 종장 현암 가르켜 매몰차 박승희 불태운 여선생 이동준 자치도 2475 스피리트 Works ##레도 ##아매 ##전함 ##fox 부파 boe 드릴까 바라크 패륜아 2330 5030 juhee 산주 살의 ABA WCG 개새끼 디아즈 성내동 약정금 유행병 차가웠 1564 슈바이처 전한다고 카메라맨 라이프니츠 Stable 북받 분획 안변 재운 페는 ##가슴곰 ##불안석 ##odes Say cis 기피제 이석희 테이핑 1053 1227 1628 Want 드리워져 물질주의 백발백중 한다구요 반달가슴곰 ##여지 Ru 간명 극초 비담 뿜어 소디 카길 ##송정역 ACS MMT 김병덕 릴렉스 사르르 센트로 원정군 음악계 조기상 최연소 카이트 CFDA SELL 사이퍼즈 소양강댐 ##굿둑 ##페리 금계 띠끄 라쉬 신룡 아캄 염탐 피멍 희끗 유기산 청산리 팩토링 하굿둑 좌불안석 광주송정역 랏다 위병 워페어 장의사 펠리체 필리아 노이로제 장수풍뎅이 ##겨치 디도 먹스 ##란도란 GAA Sho 김우영 전도자 진행시 콩코드 필요량 0004 도란도란 선고유예 parts 국립보건연구원 ##예보 우분 인헌 헤롯 APK DII 갈현동 미다스 부도심 이리나 트리밍 홍성국 1755 LGBT 딸랑딸랑 스콜피온 초롱초롱 047040 겉멋 귀차 노에 백동 빠다 재완 철우 페럼 페시 ##네이드 ##무소식 김근희 류수영 생명수 전투함 ##대전청사 1526 1531 Burn 극지연구소 NIKKEI 정부대전청사 ##갈라 ##설한 ##아박 못질 백구 벽제 볼레 수암 테터 pen 거울삼 글리코 김승우 맞아떨 삼매경 상해서 아바이 정착민 1224 UNES 살바도르 ##코바 가론 관지 달랜 돋아 문왕 벼리 전중 조웅 징비 포복 ##asis Bos ToF 검역원 기황후 문익환 새까만 아널드 이펙터 중생대 코스믹 학예사 호노카 Date 기울인다는 Average 구유 니노 견인력 김연우 김지태 됐을까 렀으며 박상희 빨개지 쌍계사 알레한 중반기 코르티 covered ##IGN 근동 실한 카무 결산서 뱃사람 서강준 실비오 조개류 내려보냈 몰아세웠 토스카나 ##배근 달자 라셀 튼다 해조 ##시아키 김성욱 빽빽이 스퍼터 스페어 전쟁시 ##inding 사라진다고 ##rc 껴입 본말 주앙 강창희 견제구 대연동 발열체 1258 1408 라이코스 EUROS 크리스티앙 height ##esa 내것 방우 배교 임순 홍반 ALT 나문희 베어내 아즈마 저토록 커런트 Fundamentals ##에로 ##환향 루도 온탕 헌가 부스스 인터폰 장대비 1816 금의환향 레전더리 사조그룹 골드코스트 ##랜더 ##숙희 뒤적 수권 쉬움 임서 임유 차성 패주 CPO PAS 겉절이 몰아갈 아사카 아이샤 이종철 1596 Coup ##줘도 ##MIT 갈게 내오 ##rike 걸어와 김지민 놨다고 췌장염 Lady 남성혐오 잉글우드 퀄리파잉 에스테이트 Morning ##세동 남김 도너 뤼팽 세노 솔레 의종 최완 Oly 노리코 대선배 시덥잖 외조부 이기자 툴루즈 폐차장 1274 Trad 이태원동 포클랜드 구우 류사 세릴 아렌 전답 TCF dim 박강호 소시아 갸웃거리 Evolution ##lec ##occ 북마 오복 외곡 해만 남조류 르몽드 박종대 벤제마 브래킷 플린트 부러뜨리 011200 income Gateway 걸인 바작 상림 운중 타루 ##갈매기 cio 꼴아박 끌레르 묶여서 알바라 채석장 투석기 ##ority 엄동설한 하계휴가 Championship ##열도 진석 타낸 국악기 로제타 시청역 암모늄 위조품 위키드 ##도민일보 아이시스 그레고리오 스카이워커 이륜자동차 경남도민일보 Delivery ##NR ##각신 ##딩스 범부 속충 스윈 신금 야담 Fut eco 당산역 접착력 fore child discount ##agi 각처 망향 못났 파쿠 포심 한소 ##빈스키 ##erty VDS 길놀이 날아든 라이오 반짝였 에릭센 이석구 복잡다단 옥신각신 이나즈마 농어촌버스 늘어난다면 부추긴다는 Motion 양녀 잔틴 진모 채림 SMB 박종선 최정원 핏자국 Merc 놀이기구 스웨덴어 옥황상제 프라우드 ##페터 금인 산금 섀끼 세크 열수 케노 티시 ##오페라 댑니다 세정력 예컨데 조은희 개오 바들 받자 쌈밥 용띠 경전차 레이온 마주할 삼투압 아무렴 일찌기 최충헌 카르노 트롤리 ##오페라단 ##netic 도메 시논 열상 후서 고드름 공손찬 밀어줄 죽을죄 Marg 늘어뜨린 이복동생 절름발이 윤갑 제몫 질료 yun 군형법 박미선 변재일 세이렌 왕세제 화성행 가팔라졌 ##ᅲᅲ 무찔 봉상 샤피 페를 ##TIVE 몰아칠 스테미 입조심 ##칼립 Io 구승 리앙 밤비 타게 ##군주제 ##여지도 Kon den 김학수 난리난 마르지 문광부 북아현 아카기 할인권 Anth Swap 미끄러짐 보노보노 Therapeutics 백사 선철 공격대 도킨스 망설일 신간회 이우현 짧아지 할래요 수탁은행 경세 앙가 영중 ##문학상 내말이 미테랑 박경완 세츠나 최시원 1184 1301 1753 Orch here Villa Philip ##ln ##망치 뿔테 곁가지 라비아 무비판 정영채 휘어져 orig 베이비부 빗질 탑동 DEF 모아질 미노루 백양사 에이엠 재창조 1386 Coin 듀플렉스 ##Station Perfect Processor ##징악 델피 목민 EPI 1326 1431 Dock 열가소성 TOEFL screen ##의존 길상 막역 서향 적병 Too 건국절 대제전 둡시다 롤리팝 역도산 3980 Corn 국민화합 누그러졌 모드리치 홀어머니 shkim reading ##당부 찬탄 ##디우스 ##sson mro 경비함 김지혜 무인경 사자상 송병기 승전보 아우렐 유명환 휴스틸 ##POINT 0415 1403 1707 dazz slow 권선징악 니시무라 미야자와 JLPGA 권속 내근 라부 메데 코야 탁식 ##청사기 Joe 꿉니다 탄다는 내구연한 분청사기 선하증권 야후코리아 ##ete 도만 무순 본도 여져 풍신 화류 김신영 레스큐 새겨졌 신고전 트롤링 플레밍 0280 edge 두문불출 이화공영 yerin 메가바이트 르반 마황 시벨 ##iral 깎아내 박시후 부과액 슘페터 2770 카게야마 팔로알토 ##트인 빗살 양피 윤빛 접영 SFC wow 꼿꼿이 Kiss 매달려서 신신당부 아마데우스 ##여우 권신 규리 디야 신텍 전훈 토버 ##리카와 PPG 공대공 기준서 김종직 생수병 윤선도 환영회 1538 으셨는데 쳐들어온 대동여지도 ##py ##lie 범물 세피 시업 신철 체용 합지 군산항 연월일 지자제 터져야 파인트 하야오 후세대 ##otsie mmHg 쓸어버릴 양아버지 의정부역 weight ##찻길 동혁 새록 자속 티미 풍진 허승 ##아이스 계집년 베르네 이완영 천주교인 화성행궁 낚였 달집 데커 졸려 김성령 사람됨 해방감 gogog kospi Berlin sympathy 금보 백학 탑신 srt 덮어쓰 들쑤셔 미이라 숭배자 심창민 합중국 오르테가 플라이어 KINTEX ##코피 ##표시 규수 노계 웅얼 포은 ##kins lee 가시화 구글링 급유기 김한조 용수철 잡아온 standard ##국치 ##베개 가현 간조 불탄 설장 아관 재관 회주 ##해살이 Fel 강성진 김대건 눈물샘 박해민 에로틱 전쟁사 1464 쳐들어왔 ##itr 성국 익주 잠은 치오 칭이 SER 노르만 될런지 Payment Equipment 낭성 비금 폐품 홍씨 ##라이스 고질라 군자금 기성복 문태종 최승희 모았으며 예행연습 Sharing ##팬티 네리 닥달 양고 질도 탄닌 포졸 DAS MLS PEN 달라짐 명문장 오프너 통합체 2440 SFTS 도산대로 맞닥뜨렸 아시카가 페널티가 support 구혼 더란 때묻 만정 소선 운기 피라 꾸며낸 봉래동 생난리 인사처 ##교류재단 확대회의 summer 국제교류재단 ##fA ##lac Aw 강필 동헌 보대 삼조 안벽 품계 WIS 거짓부 떠벌이 박지현 살아간 생겨요 성인식 영업주 탐색전 토플러 April 돌아간다면 ##ctional 016360 EUROSTOXX ##지란 동접 몽크 별신 사황 산갑 야포 잔학 조족 LSE 보우덴 소음인 손시헌 양향자 특효약 1094 떨어질지 옥타비아 코드네임 댄스스포츠 ##xx 보처 예은 충선 ult 어퍼컷 커멘트 피너티 황주홍 선민의식 여긴다는 프로파일링 associ ##펄스 드뷔 매버 생력 선함 영패 패튼 형석 CBC 김태오 마주쳐 막돼먹 보장구 사회사 세례명 이태양 인디안 드러납니다 ##생전 ##하다 ##van 군졸 궁을 네팔 바케 봉동 푸트 ##퀴아오 DLP Raw 이물감 인도자 장위동 재경기 캘거리 콩기름 키케로 과유불급 두드린다 볼드모트 지만서도 클리어링 Monet ##유수 ##자로 쌍문 어천 점대 타크 포퍼 did 날려야 비친다 타올랐 풍납동 공리주의 백열전구 Planet 내숭 돌탑 미재 베시 북천 비텍 오코 헨켈 BPI 뉴기니 롤랜드 안젤로 IBKS 에어포스 파퀴아오 엄지발가락 tootsie ##창포 dp 남춘 병석 승회 의천 천은 교육국 드뷔시 말풍선 생이별 원근법 플라보 1508 북적거리 Steve 메타폴리스 플라보노이드 Republic 도류 본령 채병 흙길 북마크 이천웅 이학렬 1575 경술국치 ##그너 ##저께 금내 물막 뺄셈 선국 난장이 민효린 아야노 임시완 최남선 태양절 CISO 서성거리 config ##세례 노토 신겐 희연 MPa 수락산 연례회 자기반 하급자 1505 TARP Vale 에이브럼스 Inside ##창출 강둑 고탄 나종 몸종 사네 십사 차라 천종 ELA Obs 일본도 프리모 부풀려서 ##황색 단복 대러 등화 맹탕 무하 북당 워진 치단 강민석 강석호 동역자 마차도 상행위 쇼펜하 신타로 애간장 제윤경 쇼펜하우어 류시 비쌉 에단 호제 ##ired SAW 미닫이 0094 1614 선보여왔 아그네스 강교 개꼴 나단 다식 복이 스큐 연풍 지차 향약 ##4110 MPC PAN 녹아내 드라도 무가내 물안개 엑스터 저녁밥 죽전역 해적선 Come Flor 생로병사 쳐들어가 DJMAX ##포바 JG 극회 맨서 예초 ##사이신 ##판토스 CNI 모리타 이세키 테츠야 1418 1625 하코다테 Optim 들어간다면 Williams ##저항 ##카니 ##튜드 거무 건호 ##7810 닥쳐오 돈의문 미수범 박수홍 세척제 수소탄 연결선 염상섭 이성재 타당성 1233 1402 Exit FICC PCIe 국제방송 뉴에이지 즉석조리 ##클럭 ##피카 군체 바렌 시재 양금 응전 해신 해항 행전 Wor 공산군 기관실 리글리 이학주 재분배 Slow 라이트급 빠릅니다 아키하바라 086790 ##라비 괴정 봉축 이골 절찬 BDA 개천지 괜스레 기념주 김용판 리퍼스 부러질 인교진 정보과 최정욱 평사원 Libor 들어온다면 ##계엄 ##rot 무던 무딘 써드 짬밥 커도 BEX 고이치 관계관 김현식 씨엔씨 요청안 1606 2057 얼씨구나 하이난성 series 강혜 볼께 ##보스톡 메를로 문현동 해서요 1316 뒤돌아서 초지일관 스피드웨이 블라디보스톡 ##당파 겸할 밑동 범일 삼수 임직 장송 키지 ##팝나무 HSK 사장교 1051 미생물학 알아사드 자중지란 ##essment ##었었 ##조서 부야 부측 적령 졸전 청치 카베 틴탑 효녀 ##슬라프 ##프랑스 김재우 나태주 들고일 인간상 펌프스 Director 데릴 방원 아배 양벌 참봉 칠러 김요한 메워야 무거움 미시령 색종이 심드렁 최원석 머라이어 ##게서 교분 산와 속곡 NDS 묘향산 요시로 이태희 일반식 카츠키 토출구 1299 1543 Flag Fold Mand 위함입니다 고속터미널역 Tomorrow ##zo 개때 불탑 영철 온조 제직 ##atin Xen 간절곶 면허세 플랭크 period fn 기택 데친 법시 음기 키니 돈벌레 버릴지 역추적 제삿날 최익현 1645 보즈워스 other Recovery 감만 봄봄 세류 스친 용허 카렐 표백 허명 황구 흉보 흑삼 ##교육대 내외신 모셔져 자라날 초전도 코우지 협박죄 1304 소불고기 순혈주의 ##대발 ##든다 ##린터 그쯤 적합성 파란불 항공전 서바이버 아퀴나스 ##단절 ##신조 ##Hub FK hi 돌돔 ##들레르 ##레벌떡 KOC 강재섭 공들이 김홍일 장호원 합숙소 권리분석 그런지는 보들레르 비빔국수 ##aching 등촌 불새 불인 슐레 알고 옴짝 PSV 게이샤 명륜동 박스터 아래아 잡혀간 필요악 2310 4980 프루스트 Storm 타블로이드 ##Se 내총 뒹구 타주 트지 Hop Meg 나츠메 노이어 려니와 보졸레 아렌트 애드립 이상범 인상깊 해줘요 1777 똑부러지 ##ousing 004020 ##승람 ##졸라 ##aea 방세 시든 퍼피 한학 황명 PAV 늘어섰 소쿠리 유성우 조회장 ##osoph 노발대발 바닷가재 한강대교 금호터미널 녀성 마쉬 석천 시누 양한 임다 자건 토씨 메로나 메말라 성산동 애드온 예언서 온풍기 피스타 ##usive 국제노선 피스타치오 ##댓값 견뎠 조피 ##anta ##ober 모험심 뭉가놈 부비동 성일종 쑥스럽 안병용 이동호 정진우 1675 1713 들썩거리 이베리아 Command ##사나 ##중원 ᄋ이 사강 쇼카 수맥 슈워츠 연분홍 이지선 자른다 파이리 1351 club 헐레벌떡 ##쌍수 ##위태 cw ##iler 실천력 이인용 그리고는 부러워할 브라운아 윤빛가람 Drill 겨웠 바키 억센 오티 낙산사 대기자 들었었 베르가 이종찬 침례교 Flip metal 카피라이터 까네 이빙 입세 조크 편이 후우 pur 데이코 부분품 착륙장 1488 ##복실 렀던 순행 와글 진북 ##가리타 ##갈나무 김회재 배종옥 슈크림 지워졌 세종공업 파도타기 ##의례 묶일 키핑 JCE 긁어내 깨우침 뉴타입 새겨야 시시때 예산액 조형미 종합체 크레스 ##가치창출 1724 스프린터 아이스티 에리트레아 ##RF ##lan 뮬란 행랑 TGI 가스실 마주했 부양비 크루스 폐지안 합디다 1626 1643 Here 갑오징어 약해진다 오버클럭 공유가치창출 Diamond ##법석 불살 실축 아커 영현 졌을 중군 청안 구상안 굴러온 노원역 문광호 새치기 이승재 이시형 채프먼 콜렉터 한림읍 chan 누군가의 알음알음 전자제품 gogogirl Statement 격문 내망 노건 메토 의가 que 되새김 운다고 1632 국교단절 스플리터 ##슈나 sj 묘원 미초 베텔 산내 설까 어식 차렵 촌인 하릴 Yam 빠르기 슈퍼컵 유학길 윤소하 이상혁 준회원 1288 가까워서 위태위태 집안싸움 혼비백산 Cancer 물웅 실인 장임 제앙 쿠타 한집 균등화 손발톱 이데이 이수연 인지요 물웅덩이 아키야마 frame Economist ##OB ##흘리 떨궜 문우 변강 삼랑 염류 잡목 케토 ##샘프턴 GNU RDD 공동물 배성민 1498 1694 ##헤어 독침 산철 유길 쿡쿡 ##테리오 유정현 인디오 특징지 Gord 끝난다는 허리둘레 ##싱크 ##일생 ##pty 밥숟 삼원 손명 FPR 김지운 비축미 사토미 선암사 숙련자 오에스 이윤재 이하라 켄이치 펩시코 1396 37001 ##fs XB 궁성 덮이 룬드 발굽 버질 열감 커민 FLO Six isu 교통세 김신배 새문안 유키코 카자마 홍정호 1243 1533 6050 Citi slbm ##dd ##USE 도천 란전 칭칭 한병 가랑비 걷어찼 세븐스 워해머 조보아 테리아 ##ortun 3060 6708 간호장교 주어져야 element 강감 고잉 초초 태준 한공 홍자 ##드레우 간부회 넘버링 레이시 여의사 연상호 입혀서 정대세 해적판 1651 가까워진다 움직입니다 파판드레우 rv 끼웠 만학 목제 서얼 ##인터넷 ##shop SAB 공동수 남대천 들먹여 따옴표 방화문 삼각산 술기운 EBRD IUCN 그루지야 녹색환경 미니버스 지닌다고 직속상관 측은지심 ##깽이 놀린 선남 알디 잔기 줄라 son 급신장 김도현 뒤지기 리스터 영화학 1217 아닙니다만 Collab ##천장 미력 분청 서티 석훈 퇴설 팀웍 퓨레 ##경비대 Kat fly 대장인 미구엘 방위청 썼으나 어획물 연정훈 오영식 주차료 지진파 쫓아낸 피앤텔 1779 스타더스트 dazzling 낭종 빼낼 인총 치소 ##나간다 교양서 여영국 이블린 집결지 파리스 허동수 1587 1653 1757 KOBA Mike 부러워서 아스가르드 ##효섭 WG 누추 쟁광 조학 퀴진 풍어 회서 매부리 물리쳐 빌려야 페로몬 풀어헤 9750 무풍지대 울려퍼졌 Eurost 맨들 벌건 쎄라 옥좌 ddr pin 대약진 이승윤 이운재 중량물 사법시험 심심풀이 조선왕릉 Taylor ##kn ##간드 ##무계 모제 손볼 요마 치핵 박진우 소문내 아니꼽 1337 동물농장 황당무계 Defin 쏟아집니다 오키나와현 ##두덩 ##모레 메오 오손 원급 족저 sea 귀순자 박상준 보석금 아카드 안정책 이경숙 끝난다고 임마누엘 급상 몰르 Gil 계획도 광고인 국적법 냉각재 느껴요 동화상 라피아 호미곶 홍원식 1428 Feel NUGU guide 해안경비대 ##보글 ##bes 데라 독문 떡메 석씨 킥킥 환유 RTI 스코티 조연출 중국전 해기사 1295 되돌아볼 뿌리내릴 원리주의 ##군경 겸재 라플 미복 시분 포웰 훔칠 SPD 물려야 세르반 슬퍼했 진학사 편서풍 하천수 1315 구사일생 달가워하 Spark Nm 극미 기러 메꿀 병음 슈완 통재 ##탈리아 ##idas UAW 방공호 원자탄 전폭기 1344 산복도로 영합주의 오버헤드 테이스티 폼페이우스 ##구슬 ##애니 ##오닌 깨치 꽃차 논단 뚫릴 아황 충공 DIO bur 금오산 꾸려서 따라한 마르타 애버딘 이호승 천경자 허영인 1518 무거워졌 Amundi Optical ##구로 ##car Pf QO 다례 빙구 시침 쬐끔 철민 sci 반발심 봅니까 얼싸안 카이스 토모코 EMBI 여승무원 프로텍트 감실 다향 양교 얼개 우륵 티보 개혁가 유리카 이동휘 이치현 합해도 1648 Node 궐위 멕이 초봄 텀블 흘림 스포르 이멜트 조적조 주르륵 최양락 야단법석 ##fly 고임 당고 세풍 주박 Jer 가리킬 김진선 몰아간 박정림 이겨라 해줄까 페르세우스 Andrew 드라이아이스 만촌 울버 정춘 쥬리 ##ardo 김영애 남천동 박용성 수유실 열려야 이기광 화엄사 1507 배고파서 배수펌프 보일려고 moonlit ##페론 갑피 개욕 공재 릴케 벌구 법명 새침 속뜻 재진 조거 홍당 ##enda Dot 김응용 더래도 반짝임 이기택 장지연 회의주의 날뛴 시서 요서 원환 게이버 김지형 아인스 할런지 1253 3010 글라이드 보글보글 알려져서 솔레노이드 Commercial 둘까 레딩 로꼬 에포 퐁듀 ##ucle 감춰져 으신다 일평생 코트렐 행정사 1585 Jump June 거가대교 웨스트우드 페널티박스 au 나산 자단 쭈뼛 BOT 강습회 김보성 둘러서 민경훈 박종석 세계수 키네틱 털모자 숨김없이 제네레이션 Follow ##이른 ##택수 검무 dig 김경훈 모먼트 방해물 유코스 지상전 크로키 2534 root 아리아나 Titan ##염소 마안 채종 파즈 활공 김민경 김윤옥 노라조 박정부 소매가 어학회 용두산 글레이즈 ##현우 기봉 녹물 당안 완간 음탕 인풋 질시 책값 ##acho 스티드 시버트 심사원 알테어 1342 경옥 너야 노튼 땡전 미물 수희 으아 추전 흥보 MID Zen 건들이 결합체 쇼헤이 실려고 이종배 1524 가벼워서 하메네이 ##asonic Bright ##보신 ##피질 ##항쟁 구법 위민 범일동 시마즈 올려고 집어쳐 콩깍지 비쌉니다 MARKETPOINT bh rg 권철 밀고 와아 탄지 ##란도트 구미동 김원규 배포판 중금리 1267 1584 SAIC 투란도트 ##ellite Broker 다바 블론 애스 약조 음습 청빈 풍덩 ##혁명당 Kal 김현태 불기둥 서문경 주윤발 풍속도 해밍턴 1469 1702 나무껍질 노부유키 야인시대 force 새라 장료 MIL MRT 가여운 드리븐 때이른 최창원 헥토르 0080 1244 1328 2037 조선닷컴 강찬 도버 방량 삼단 은재 주오 크시 ##8930 모셔다 송풍기 오창석 쳐다본 1458 MIMO mbps 뒤따라가 져야한다 ##강간 ##amm 기파 맥길 북지 신과 올래 채이 ##ving NXT neo ᄁᄏᄏ 강릉역 김현진 선전용 소인수 유칼립 이정권 후지사 자질구레 패션모델 Plate 유칼립투스 ##BLE 명대 수득 지혁 탬핑 평북 경영비 김기수 내두르 번영로 을걸요 전혜영 PMIC 전국시대 ##전골 tb 누미 동평 변연 서니 카펜 통도 ##라이저 김정욱 어린양 예이츠 최일구 인민대중 조이스틱 ##배달 gw 갓끈 냉간 롬멜 부크 집산 ##roph ber 그을음 껄끄럽 낙성대 대두유 신하균 암말도 어긋날 짠돌이 튀김옷 화장법 ##민주항쟁 ##ished 준다거나 움직인다고 네츠 삽교 ##4990 비에이 수의대 였어요 행당동 ##orial 1642 1749 Keep 무아마르 나투 방연 벌새 부학 영험 태정 패커 ##뜨려서 로보카 송전망 인산화 자비심 크루아 Pent 부당거래 당치 법흥 석전 설희 중파 최화 학인 할러 환식 ##웨이즈 ##자유당 김경욱 유리컵 윤리관 혁명기 1646 Very 급성장세 올라선다 부마민주항쟁 virtual ##WSE 성낸 악력 엘오 웃통 ##NDER 뇌졸증 사간원 1417 wifi 시끄러울 알프레도 서남아시아 ##ividual 011070 환경관리공단 Gasoline Washington ##바득 가력 다경 로텍 르누 승준 쌍검 학규 SCH 간첩죄 무변제 문병호 이앤이 Harm Skin note 쓸어내렸 케이프타운 북부간선도로 ##데즈 손숙 솔티 오조 입관 총아 해올 회룡 가공육 김성희 바비킴 박경철 볼빨간 붐빈다 저주파 1768 espn 메타크릴 슬로푸드 아도르노 ##나방 ##진화 ##OSE 맏이 샤니 욕자 김종덕 부속실 스로틀 쥐어박 2039 3770 자살행위 ##낙락 삼행 윈데 재혁 UCL 구렁이 기름때 문선명 춘곤증 1439 희희낙락 구캐 쌀알 우창 재웅 직이 항서 개폐기 김종욱 롤스터 소염제 역선택 유류품 지새우 털린다 1527 1771 CITY 살릴려고 ##bol ##rem 울대 코빅 혼마 ##젓가락 Feb IPE 더부룩 사대문 시니컬 정갑윤 1221 1379 못했으니 아이오와 청해부대 후쿠야마 place 종이비행기 페르디난트 ##공포 ##rio 종축 쪼이 콧속 JPM 금정역 나재철 생고생 2640 hyun 엔트리브 ##학회 ##edy 소여 홍초 ##인다는 선전물 쓰여질 작대기 타이쿤 ##craft 1573 2520 대양금속 강토 권봉 대굴 배준 상간 소코 클롭 터브 퍼듀 포노 한터 화봉 ##Data ##stit 김재준 남아나 마리스 부평동 하이퍼링크 ##ITH 깝깝 범현 비음 빈방 풀스 현청 TIC 꼬여서 류승범 배정남 전농동 1362 prom 신성모독 게르하르트 코리아타운 ##아니 난상 디터 실레 염세 장간 브랜뉴 성인기 전속력 정상훈 종각역 1338 1382 1619 2490 ROIC 아지랑이 우즈베크 Maersk Shipping ##ven 길수 께요 랑자 만식 물소 벤타 뻔할 섭식 손쓸 Thr 겨워하 광신자 권용원 나치스 박종진 영사기 징비록 ##ament 1276 clean Shield Jackson Exhibition ##과상 뒷발 말론 신헌 장증 sms 이창민 집성촌 Fred 태권브이 OVERWEIGHT 간고 오중 절교 츠지 탄복 권창훈 길다란 뜨거움 소라넷 신숙주 조랑말 파르테 Organic 가엽 미웠 사집 쉬르 연적 김응수 로도스 민둥산 우바이 지점망 천태종 Cable 알레한드로 Kitchen Excellence mv 고읍 당포 도씨 소반 장합 파여 ##투성이 ##amic EVO 불러냈 애슬레 어산지 튕겨져 foot 애슬레틱스 ##쇼어 뉴젠 단방 선시 쌍봉 폐유 ORR 기상학 김사랑 마르테 박은경 블레셋 선봉대 성명문 외쳐도 윤석금 재고율 1414 1511 맞물려서 자포자기 Passive fan 강석훈 멜린다 벗어던 속터지 아리수 찰과상 ##ubble yung 가져올지 무식쟁이 소울메이트 ##매직 원방 절주 제상 킵스 하희 훈도 EDR 빚잔치 오키드 주옥같 1352 IBRD VINA BEXCO 숙정 시댄 잡무 정균 쿠에 ##aris DDM 곤두서 공항동 문태영 반사판 조현상 최양희 0337 1735 ##올린 ##토닥 까한 동연 편모 ##endo 그린코 들릴지 분할기 옌타이 옮겨질 크롬북 허용량 2190 인터페론 무정부주의 이스케이프 songyj 국립오페라단 ##PH ##포밍 더플 산진 우슈 총인 PKO wrc 꽃받침 내려보 미술인 의무실 적갈색 최성환 크리크 향토사 1705 아우성치 ##무구 ##벌린 ##oks 녹였 밭이 시역 통방 헹굼 Dal FOC 놨으면 누가누 데블스 백분율 뽀빠이 정태호 중립성 쥐어뜯 4409 KAMA Schw eurost ##OW ##DAC 슬랙 정충 호외 관음증 무가베 밴댕이 베레모 오베르 장난친 카즈미 편리성 한다지 호중구 1668 frac 토닥토닥 한데다가 ##길도 ##mit 단출 디니 비네 빨러 와일 응암 ##utes 발견자 이구택 집니까 청운동 0707 1302 2323 Bath 동방항공 본원통화 역전재판 ##ria 괄약 묵자 병존 연월 호형 갱스터 고이케 서한문 수용률 안재욱 이재욱 천자문 플라밍고 폴리네시아 window ##hu 삼상 영고 올게 화통 ##oons 긴급사 스머프 최진행 협조자 When 동서고속도로 ##VC ##개벽 기졸 다디 다종 덕장 문노 업간 위내 임료 철석 ##홀딩스 FFO 김윤진 아코르 알바니 호암상 ##icles 근적외선 페미나치 Chicago ##팅스 경태 긍적 아짐 월맹 강신명 리젠트 마곡역 박진희 요나라 웅크린 잡아갔 진해시 칼리스 홍일표 ##stock 1383 고마워하 떠납니다 카타리나 컵케이크 ##잡스 면수 뭉침 애들 앤데 적셨 지예 칸디 호빗 Ron 김영섭 김원중 페니스 라파예트 리스타트 차돌박이 034230 ##형통 ##vas 걸래 인갑 테더 홀려 버금갈 스프레 유두종 이창우 황건적 여겨집니다 광중 월하 유란 자무 짖밟 하둡 HMA RSA 개눈깔 논현역 러스티 로날드 마장동 여서도 Heat 거짓부렁 만사형통 키포인트 ##로다 누빈 바커 별종 여옥 인족 정간 호바 휴우 김미숙 뒤쳐졌 미니카 박재호 세자빈 오지호 이경훈 지원사 취해졌 룰루랄라 전립선염 스티브잡스 Reuters ##태규 가은 동욱 북학 타피 후환 IDS 김진현 김해경 김효준 꾸밈없 끌려온 민락동 자폐성 정원오 황학동 1322 GAME 누그러진 KAIDA ##멀뚱 낙성 날래 대매 백가 졋다 핚국 ##8150 가동율 솟구쳤 2512 xbox 넘어져서 Stack 문어대가리 일으켰으며 갑을 고견 곡해 사워 앵두 항온 깎아지 쌍안경 연대감 조타실 1722 dark 곱슬머리 신노스케 신토불이 지켜야지 drive 경희대병원 ##ationship Pharmaceutical Ty 마량 반제 볼루 석아 잔향 통첩 홍만 MPK 기회인 닥터지 변해도 송현정 오픈카 체재비 퇴계로 일그러지 최종병기 Crude ##성의 개목 다복 부외 비육 암술 자림 놨다는 데이스 비과세 임원회 Cart Rights 당관 베커 유책 타호 Ing 강희제 머리핀 이청준 제헌절 매관매직 불어난다 ##fficient ##oft 대쪽 밀기 주왕 친소 김동엽 눈까리 야탑동 이모션 져야할 최재형 ##ensis 멀뚱멀뚱 바닷모래 ARIRANG Bc 두아 엥글 우딩 ##공포증 ##항아리 양세종 이원준 적토마 최소치 겁대가리 범양건영 지으려고 macOS 광주교도소 Orange Studies 스켓 안휘 어만 커밍스 Plug 쓰인다는 트릭스터 거리낌없이 ##aci 쌉쌀 옥성 CIP DMI 다항식 뛰어남 민예총 박순자 살펴봐 에드먼 연맹전 우사인 중간자 치운다 코어스 크리오 2210 벌거숭이 심합니다 쑥스러운 Fixed 바가지요금 border operation 당자 세째 죠지 홍해 후약 훈연 비틀림 애향심 저인망 정수석 크롬웰 토끼띠 마쓰다이라 086900 ##근동 cy 골골 버치 봉대 안익 약비 은덕 ksk 배타성 상아탑 형산강 6150 Shock eurostoxx 계회 불림 ##의존도 ##illo BIP 김범우 동심원 바스트 성냥갑 시가전 아랫목 유재명 1571 곤두세웠 곤살레스 Untact 디만 선광 크세 ##더라도 ##ived 김지철 메이디 비워야 사육신 으라며 조현범 크라켄 틀어져 파헤칠 편집실 해금강 현충사 자갈치시장 Pharma ##ync 리해 물새 윤인 조실 ##하지마 ##itro LCS 가요계 그쳐서 문명사 배때기 정비례 지배권 투아렉 complex 룸바 부목 소저 소초 챠오 ##날리기 SCO 몸보신 산업계 임성재 정용화 짝짓기 최재훈 하희라 해져요 5850 부창부수 마이크로파 무역의존도 Verizon ##놈들 노관 녹턴 바윗 존자 프렐 ##inki 사군자 웹스터 출자액 1261 1459 Prec CLASS ##기둥 김책 누림 다쓰 실없 윤간 타잔 도급인 어두울 이채익 자우림 6450 넘쳐흐르 돌아선다 시나브로 프로모터 Estate 생활협동조합 Industries 는감 당색 동림 이육 절지 호비 ##igen 담보력 보물선 시대극 이중화 일부다 총살형 톨레도 1254 INTER 011170 하이퍼텍스트 Climate ##티바 꽈리 난적 무른 으음 자릴 텅비 눈두덩 도로법 리들리 리스닝 호출기 1356 1456 연날리기 밀어붙이기 ##토막 fw 광탄 문혁 미끌 승세 양근 역북 탈질 회람 김형진 날려라 땅덩이 소제목 아바코 유한준 저항감 그레인키 앉은뱅이 프로이드 떻 델레 둔덕 들소 영명 우쿨 잔느 PVR 방열판 솥뚜껑 이석준 중국차 중산동 coup 보호처분 우쿨렐레 자기반성 Cortex 쁠 ##만사 nk 라칸 루갈 방선 보천 앙쥬 양띠 지며 티파 FOB 건축업 대종교 신동욱 최윤희 콩나물국 튀어나온다 헤이스팅스 Quantum Container ##질나 ##톨로 군역 서둘 승제 안희 애그 에런 태학 포방 핀터 허훈 das fat 바래다 박상민 박태진 반사경 오리콤 Gran 픔 ##esc 우태 익룡 ##프리드 hol 김선미 떳떳이 은지라 ##itary 1479 2133 오카모토 제육볶음 aquarius ##양명 공담 산마 원텍 유찬 최관 토도 ##페르노 Bat TEC VIG asp 나이테 롤링스 박철완 사랑채 시그나 이학재 전기식 충주호 트레져 평택역 walk 산토리니 069960 ##받기 ##주절 경석 경숙 교칙 리재 만추 배춧 예니 차징 ##어도어 가즈오 김형기 난기류 수치인 안주인 정종섭 지켜졌 천안역 1638 가르쳐서 Sheet 화이트헤드 마르크스주의자 ##민가 드렁 사화 와동 캐런 함교 허익 다고들 닭볶음 들으시 수송동 케이엘 퀘이커 ##ubber 내려야지 부풀려졌 빌빌거리 ##수룩 ##투기 ##udo 결안 나긋 떼이 만군 묘호 우만 절골 탈곡 파릇 퍼가 ##isch 급해서 둥그런 뽑아들 사츠키 설친다 수목장 스프리 쾌속선 Leon Lost 시어도어 인페르노 캡사이신 Century Concert ##첼리 ##DIZ Ib 결시 웰터 칸국 헤임 가벼웠 교장실 뾰루지 손실금 종친회 1468 Siem Visa 양성애자 ##omething ##라크 악은 체모 팔경 훈족 SCC 붙들려 식물학 아이브 앙투안 차려요 파비오 MBTI TEAM 둘러봐도 사고뭉치 ##uccess 꼬지 무열 유액 육손 전추 ##둥오리 ##스티아 hor lol 깨뜨린 백담사 쓰여야 태음인 화엄경 5550 비상계엄 주절주절 ##호수 남당 배일 버팅 시양 왈드 찰관 배다른 범민련 수확률 정교사 허경민 휘트먼 1739 Arth 조각조각 헤어밴드 받아들인다는 량인 석현 송별 직파 황숙 CET GMS 고은빛 기찻길 살아갔 새겨지 아데나 하성민 흥분제 porn 벼락치기 티라노사우루스 Planning ##하치 굽타 스킴 아체 총풍 회진 Gab 공학도 박사장 한승희 0020 Remix 크로노그래프 ##사막 고것 나희 남녘 상강 잔꾀 추렸 한난 GAM ase 달려도 데저트 박기춘 프레야 1374 Vers 행정지도 아센 판부 허웅 ##olas 끼어든 박형식 박형철 부닥치 비춘다 오토메 이효성 ##여지승람 1323 feel 백전백승 북두칠성 어두워서 가대 봐온 열지 허먼 호밍 HIS Hay Greg 도카이도 동음이의 ##브레 닉쿤 당편 도생 모정 심즈 업혀 ##나요법 ##파일럿 ##OMIA 아비뇽 촘스키 1546 1704 추나요법 오토파일럿 Circuit 개면 국재 뚜기 매캐 맥포 무조 출어 퇴실 ##5660 간단다 늦여름 발전차 변상욱 에르네 유상무 이승복 참수리 1043 1695 공급사슬 속합니다 슈에무라 시끄러워서 ##구스 구양 옹색 월단 품부 경륜장 끼여들 야스다 엑소시 ##할아버지 2540 마리아노 밀리그램 클라시코 Pierre ##avascript ##꾸벅 붓질 엘론 지밀 텔로 간호원 경덕왕 나빠요 불살라 어찌해 운정역 테티스 1769 Wine 타당성조사 비도 졸도 훈시 ##roup 에미상 페티쉬 EPFR 꾸벅꾸벅 배웠으면 그런가보다 나눕 듀란 배럿 Lip 경연장 김세진 북서풍 오토모 조수진 평의원 1495 마가복음 Curve Texas 기다린다는 ##present Avenue ##센티 ##uda 만방 진물 ##ORTS HMS 김혜영 보리수 쇼스타 조종자 1298 HARD Nand 스피어스 해발고도 휘청거렸 쇼스타코비치 ##DPS 니컬 성좌 루푸스 박은정 장난삼 퀘이크 1259 1385 입생로랑 헨드릭스 match 건곤 그릭 끓였 민현 절이 축도 ##모양처 idc 김종성 다코타 불가해 소대원 안진걸 조성주 1701 길들여져 패러데이 현모양처 알레산드로 Driving ##ternative Ry 시뇨 신산 장님 정절 채윤 미수죄 부인회 세이셸 안디옥 이춘석 정재영 1568 실종사건 주어집니다 078340 ##iy ##무공 길항 루손 세만 쏘리 윤학 지실 ##노무사 ips 관측통 괄약근 박용현 셀레스 아랫물 loss 거둬들일 깎아지른 공인노무사 ##컴텍 나현 반타 분반 쇼지 얼쩡 쿠가 PIM bin 김정기 김종배 듀란트 미아리 박원석 어시장 억누를 엘컴텍 주택난 치주염 ##print 1547 ADSL 아이스커피 ##fficiency ##도다 JX dk 커넬 헛디 CGI TCC fur 고영욱 글로시 누아르 싱그러 야트막 약방문 이로울 통합성 호전과 오동나무 front 덥썩 즐라 침샘 타보 호걸 Rab 노천탕 살찌우 인즉슨 0687 1474 drag 김대통령 이웃나라 Virgin ##까래 bk 매끼 겨울밤 김정한 독무대 돋운다 엠블랙 완전무 1248 1723 시즈오카현 군지 나얼 노새 도막 물선 암전 웜홀 쩌렁 학풍 ##클리닝 ##esta DIG 관념론 남강댐 돌계단 방사형 엘리아 이원욱 후루룩 2530 휘황찬란 nature 드라이클리닝 Alexander 관속 뜸해 억병 장협 컴텍 ##evin 도롱뇽 본머스 중량급 춘향가 프리카 Ross 신도림동 완전무결 한가로이 ##porter ##못한 김녕 세작 하켄 회하 ESR mys 이진수 Coal 빠진다고 000210 corpor intellig 난거 부농 삼식 시봉 츠치 투투 팔콘 합덕 ##규장각 DRA 깅리치 냐니까 레이카 면역원 상무관 스피너 여왕벌 재클린 제이엔 편갈라 1537 1558 9788 Lang 닭볶음탕 사무직원 There 보라매병원 ##ql 복창 양축 절명 TTS 김양수 떼죽음 불활성 오토봇 칭하이 외규장각 네안데르탈인 Crystal ##프슨 논했 받으 인소 합비 SNI 국민차 김성우 내던졌 던져준 들머리 배영섭 씨부렸 얘긴가 ##chang 2510 아이러니컬 Winner interest ##해도 거너 급우 꽂이 요걸 타작 ##루시아 ##스키아 부성애 스티스 우중충 Trip 두들겨패 망가진다 아사쿠라 크리슈나 프레스코 shoon 009830 Employ ##러시 ##호퍼 ##omy 농학 옳소 위연 톨킨 홍로 DOM tel 기동민 보낼까 일반미 잡아채 문화주의 불립니다 에버노트 ##woo mV 개금 네만 강현철 김종우 대분류 아모리 양명학 우에다 이병석 이부키 혁신단 1355 6030 나카가와 문라이트 ##ateral Album Click KISDI knock ##왕국 걷혀 스팍 초환 헥토 ##바토레 게을러 관절통 김미현 김영종 서점가 호킨스 마신다고 시켜야만 singing Everything ##니르 옌청 치조 Rio 따라나 무너짐 미인도 박준식 산출량 어여쁜 지워져 찾아봐 ##prene least festival security 변리 수태 순치 ##장도로 바나듐 바람난 박태영 보철물 아우토 흥해읍 공무원증 비포장도로 ##여울 ##칼륨 ##할멈 ##혜연 가례 단안 문덕 삼재 ##mart Fur 김도균 물머리 바스코 삼행시 약령시 유인영 이길까 이란인 캡티바 피바다 1719 2290 clos 망처 양하 지언 케나 드웨이 라리아 매그니 이모부 이수한 이즈모 척추뼈 추출기 파헤쳤 풍물패 피오나 1721 Sche 경기관총 떨어트린 마루야마 ##티야 ##TIO 거식 다프 무설 슈슈 시답 쏴야 왕경 칠정 DDT 금속판 깨소금 1589 일그러졌 재무관리 팔방미인 Marsh claim fresh ##jection 로베 이돈 좌담 푸즈 KCL 건포도 리코타 보살상 슈바르 윤시윤 흰개미 1297 1591 넘긴다는 아우토반 click GSOMIA Sentiment 목젖 바틀 벤스 부니 비요 카셀 한교 TCO 군사학 내질렀 두드릴 애주가 이슬라 Mort 옴짝달싹 Disney ##가면 ##떠름 구고 달이 주살 파양 화국 css 가변성 공군력 백정현 서상기 신선육 이성경 전산학 천마산 코니아 Mond prop ring 국민정부 성심성의 자아도취 지장보살 크로포드 ##새록 wo 문묘 세의 채록 파경 합포 mel 거슬렸 김쌍수 미워서 스코다 앤티크 철산동 ##크레더블 ESCO Tosh 비밀경찰 새록새록 영종대교 올림포스 한탄스럽 Working ##lar ih 심바 카봉 항렬 pbr 나아요 나투스 맥주잔 미혼자 살균력 Logic 인크레더블 ##아삭 금난 복막 상규 알긴 영무 작고 책실 프림 CTC 김상우 김승준 노벨리 별동대 생트집 1347 1714 1741 고무보트 마이크로폰 ##드릴 ##부타 길흉 다담 아후 알곡 옌타 ᄋᄉᄋ 강하늘 비농가 사서함 전복죽 친언니 갓난아이 시시때때로 군웅 대암 쉬즈 유문 유백 홍민 ##테크놀 pal 봉건제 이어도 인질범 1548 1633 1678 그랜드캐 내동댕이 밝혀야지 삼라만상 일품진로 Luxury Developer ##OV ##농구 mx 경광 귀화 레메 두드린 마찰음 망둥이 모범생 발사믹 버무리 유인석 포터스 하야테 ##시민연대 1665 하늘교육 Innov 범한판토스 슬리브리스 Ground ##통감 간엽 끼이 담날 백문 뿔난 ##earn 광고업 대표인 머스켓 박정우 설레이 타게팅 1264 1561 아삭아삭 ##제작 난닝 덴마 루킹 분법 시치 욕탕 호방 ##다녀야 LPI TDK 내리쳐 취해질 코퍼스 허영만 혐오증 호주제 1242 1307 drop 기울어졌 폴란드어 델라웨어주 identity 건주 다울 피온 글레이 마산항 베이가 탈로스 Rece 통한다고 MN 구충 는바 러커 발호 설하 야라 욕창 쫒는 축선 태관 토월 ##타나모 김선호 떨떠름 안마사 일그러 입단속 장기운 티무르 관타나모 브라이스 흔들려서 ##gu 구릿 식과 십장 ##oker 강호인 바람길 유자차 케케묵 황순원 Terr 포기김치 ##흐트 돌프 산새 용족 잉간 지섭 초프 고가도 대집행 도리스 라면은 몽골족 일부일 WIPO ryan speed VMware 문로 병호 움큼 윙윙 질로 ##esco Alf Pap 끼워져 박상훈 유기성 의무화 이준혁 정리기 0903 1773 일리아스 Friends manager ##100 감포 거드 동났 바츠 빡센 살금 차유 키보 ##ians CDI 간추려 개별법 녹여서 독립당 밤새워 소방교 신동방 왕치산 인순이 정종환 주왕산 중림동 진출권 파라핀 비아냥대 친어머니 노스웨스트 ##atility ##ilities Clinical 가태 구피 리탄 셰릴 월튼 단체상 애완용 청지기 ##산업단지 작은아버지 channa ##부쳐 대헌 돌본 안석 울트 응기 잡식 츠네 포치 DEC ops 권태기 니에토 로베스 원단위 뛰어내린 엑스터시 터뜨린다 로베스피에르 Antonio terminal 교련 뉴튼 단봉 랑드 진짬 쫄려 PFC 구동축 만다는 버텨온 사우드 욕한다 1444 1727 미륵사지 safety ##복싱 나호 도행 발장 쏘이 아계 역고 쿠토 포성 표할 ##베이트 ##FORM ##airs diy nav unt 김창렬 남북조 치만은 키워갈 1331 5980 Herm 게임하이 데이케어 되돌아올 새해맞이 샤라포바 투덜거렸 ##테크놀로지 ##WC ##문덕 fs 겐트 민조 선어 산양유 조민수 주유기 회전자 1731 1752 2680 애들레이드 ##음기 Um 꺼풀 떼지 보화 수혁 찌릿 후취 겠는데 미장원 밀어닥 방조죄 부전동 에비타 첫마디 추축국 풍속화 프리다 1662 GDDR 오리온그룹 이에스브이 ##살금 vv 로쓰 묘도 얄궂 연미 최흥 투바 피박 명령권 모레노 박진만 산토끼 오만석 작아질 ##utter mall 무서운데 Taiwan 냉탕 류화 문갑 불전 인경 KEI 김민선 대리자 박진규 일주문 준강간 획일화 살금살금 에이브릴 Pattern Children ##런드 긁적 너티 다키 밑장 소두 카아 궁시렁 김은주 미트라 비정부 센토사 예술혼 잖은가 진정제 해줄테 루미너스 특혜관세 ##placement ##순이 호천 환성 Deb 김민주 바닥났 에드거 주현미 콘웨이 후미코 1283 1756 팽이버섯 표현주의 ##hammer 가브 돈맛 비꼰 송옥 점호 차예 처내 ##bury ##omia 대수학 레반도 세몰이 시우바 아픈가 절연체 정경호 지우마 최혜국 1454 수정주의 ##ourney 가져다준다 레반도프스키 package ##문명 ##비니 고천 골육 농철 립시 미기 석등 순양 표석 BIZ ema 거북목 고유어 박상언 박지민 수입상 얼마큼 외로울 인텐스 취급자 null 증거보전 ##porary ##갚음 ##그렁 ##웨일 오콘 요설 출옥 통부 개나발 꼽혀온 생로랑 서까래 이재환 이치이 입씨름 캐치볼 플로피 류머티스 어울려요 ##pu 건아 발루 버글 송변 지엄 포톤 하관 ##평천하 ##3240 CVT 거리감 느껴본 대체물 류샤오 반주기 블랜딩 안경사 에퀴티 조윤희 ##angzi 1296 FAIR Mate 을지문덕 Treas Collect 건건 박환 수궁 앙지 오체 재반 주갑 땡땡이 살해범 열대어 예술학 정인지 1407 무역수지 치국평천하 모식 완리 피핀 홍색 DEA Gem 드리머 1622 KCSI 적어진다 슈워제네거 ##가약 ##롤드 검결 말이 악전 정효 죄상 MSP 기표소 병간호 새아침 스미레 웰터급 코다리 mama pred 민주자유당 논고 롤백 무점 언터 준서 청교 황포 효광 Flo 게이드 백낙청 선유도 성공률 수송관 아로나 이창훈 인산염 한양수 혁혁한 1411 시켜준다 제프리스 FinFET 뛰노 목각 백태 보풀 상미 시준 청신 현학 EXT 빵가루 최치훈 1303 ##ᅮᅮ ##썰트 다실 럼즈 아상 야신 왕초 인목 Som erp 못생기 문학자 박소현 어썰트 크레오 Brow 럼즈펠드 편합니다 097950 곽진 꺽이 롱주 면대 무불 별책 쪽빛 혼슈 Bab 김대준 목욕장 무신경 수습책 스무스 0022 3260 dram 마인드맵 아흐마드 ATV CoV MiG 당해낼 목포항 반가울 수유동 이영하 태운다 핵폭발 1649 세상만사 수하르토 쓰레기차 신병교육대 에라스무스 Integration ##LAC 새울 생발 일도 카쉬 파키 ##wide 레이커 으라구 지방질 2810 ##츄어 광회 능인 막골 소오 소체 와시 후들 ##싸라기 김남길 깨뜨릴 의사봉 정장선 ##스트라다 떨어졌었 마신다는 징병검사 GeForce ##까프 권평 남곤 패괴 ##iden Abb 노형동 르까프 마츠리 사오리 실내화 카테킨 퀴들이 티파티 1672 ASMR 네이키드 카사노바 yunghp 립글 벌통 베꼈 서큐 송자 장범 권평오 미치코 인민복 최철한 파르르 홍일점 Lion 립글로스 서큐버스 스러웠을 카스텔라 ##ificial Advent 늑골 세편 편찮 경정비 고용진 끝낸다 누리엘 1426 1494 2054 Wing 무너져서 Person ##미티 갈로 닐스 민태 바렛 뱀띠 창해 DCC KFX 고승덕 독자층 베벌리 벼슬길 숨죽여 이세영 5350 고마워했 까다로웠 무병장수 Naver 기다려진다 ##간당 ##사가 ##와키 곽지 농로 못쓴 이편 전손 조잘 진본 최세 기계설 깜빡하 배울까 염홍철 젤리빈 짜여졌 1743 푸에르토 살모넬라균 스탈린주의 ##지혈 간월 국주 녹봉 면사 발비 선혜 쉬엄 청야 걸려요 게레로 김경원 날아올 놨어요 들이쉬 무산소 박명재 베아트 전인권 허기진 1542 2780 난교 데쳐 보옥 부포 원계 포피 SiO 야영지 에비스 이원집 이행자 지상욱 충공깽 ##arter NVMe 뜨거워진 월드건설 ##답형 ##쇼이 ##우진 네다 능했 불이 스진 원찬 자씨 차암 Lor 꾸며서 반대말 연안국 장수명 치뤄진 ##ureau 이사벨라 조족지혈 합병계약 vision sentiment 댐과 라선 례식 메간 상분 시피 IRB 박종렬 성만찬 적령기 갈라진다 결혼반지 농수산업 절대주의 ##ansion ##온실 ##원전 복시 은과 젖국 ##ieve ifa 가르드 가른다 아라온 이용구 이혜영 코스코 탬버린 이수건설 Holiday ##du ##청산 mP 대론 리건 안즈 어태 장양 say 애보트 유력자 이채원 퍼질러 함지훈 CSRC OPEN 발렌베리 엘리자벳 영지주의 compr 브랜드전략 kkangzi Electrical 롱기 못추 무루 물라 쓰림 여탕 임제 진고 PAR 랭귀지 보여진 유니셈 이재광 인도어 장항동 채드윅 학습원 Eagle 무투 쓱쓱 훠궈 ##시험소 NOR 김지선 마츠다 유독성 유재훈 을라면 지방선 코요미 봉급생활 천지개벽 체면치레 골든디스크 위생시험소 브라운아이드 ##광대 갈만 진마 피떡 할아 행불 ESA GMC 김수천 이재형 전소민 조대식 택틱스 학부장 ##ilder 재능교육 울트라건설 ##텔레 ##하천 xr 내습 예불 이표 쪼매 페텔 ##iper sbi toe 광학계 낮춰라 박준규 베이퍼 유타주 1384 1578 2066 기아그룹 ##려라 미전 빈병 필생 PRP gam 가까움 가맹국 박흥식 상해죄 센티넬 신규상 저류지 ##시게 ##시드 ##프티 Ci 당년 련사 령기 물먹 신액 엔스 창부 헌사 ##와라노 tri 기억법 김성은 꾸린다 방한복 유재하 이장호 저유소 지나침 1681 Audi FANG 골목골목 Wheel 후지와라노 version ##저린 ##통곡 도남 장복 튜더 되살린 말보로 블록스 안재민 ##gency 니클라우스 stream ##여리 ef 금구 낙도 말길 유피 진운 파코 GSP 맥베스 무일푼 박주신 발사관 전진기 ##ottle 1277 뉴스투데이 034020 궜 ##논문 ##App 볼살 여산 참화 침목 XII 꾀꼬리 자격자 투스크 3410 SENS 여러해살이 기친 린든 행담 LOT TRI 고영주 공증인 명한다 선무당 속사포 어수룩 집행력 타이즈 홍대용 1481 2184 로워진다 마귀할멈 마뜩 피엔 ##emon ##isis SGC 베르니 안경원 유키스 호위병 금싸라기 ##건축 다동 루치 맞겨 응추 저팬 전혜 중음 ##데나필 mig spf 구세력 리비도 법인격 부라리 불려왔 유창식 음악학 질러서 페더급 아들내미 ##OX ##YC 감태 레페 리첸 린저 세어 항마 사만다 콘라드 후아유 1443 들이닥쳐 막시밀리 맥과이어 서해대교 피아졸라 마우리시오 듐 문식 반크 월전 타현 함종 maj 맙소사 ##쟁의심판 2940 정육면체 페이퍼리스 권한쟁의심판 Broadcast ##vi ##편향 Bh 버렷 알텍 쿠카 현조 ##따구리 겨울옷 김인권 도착증 민속학 서린동 쇄빙선 안덕면 한광옥 1424 1433 1541 그리워했 머리기사 이뤄졌으나 광저 구령 위어 육도 존성 천구 박민식 비만도 포츠담 포화도 프로시 ##inson 1363 1766 검문검색 내립시다 여서라도 적십자회 홀로서기 ##reprene Official ##겸사 ##부양 ##좀무 공위 군견 모상 비출 으깬 적적 ##하운드 강민수 돼지발 맞물릴 성적순 유압식 이동면 5950 SEMI 빼돌려서 떨어진다며 회오리바람 Charge ##멘션 ##명료 다작 로진 살기 신목 지매 태석 황학 CBM bio 김동인 바른길 수부장 이만기 흠좀무 OCIO 간단명료 리하르트 백년가약 불러모았 카운슬러 ##TCH 국궁 몰탈 저니 조곡 퇴선 ##평론가 PNA sho 보안국 분류법 여성향 이재은 자랜드 1249 1441 1621 Meta 세속주의 움직여도 소똥 엉겁 지여 척후 하란 ##인트호 AST 디멘션 외워야 음양사 easy 날카로움 불러온다 요르단강 SPOTV Through ##EEK 개저 낙사 덕정 들들 새순 생굴 설라 카돈 포타 ##제작소 Dup MDM PFS 퓰리스 홀아비 고려항공 에인트호 에티하드 자본증권 START 동대문시장 google Records ##레앙 ##무량 동오 뭉툭 새빨 송골 심소 요스 죠니 착유 acl 경외심 기착지 눈치껏 도읍지 동백섬 들을까 선다고 조용호 4320 가진다면 서민주택 아크릴산 접객업소 코르테스 희망제작소 Plastic ##cep 손봉 연을 옷값 황준 ATX lat 면역성 모리뉴 바하이 사쿠야 아라키 초대석 틀어박 6070 겸사겸사 켄터키주 후지모리 바이오테크놀로지 ##ᄍᄍ ##털루 개좌 물괴 배은 사함 예송 Pas SIP los 기행문 시세표 이인성 일산동 적정가 친목회 쿠스코 떡갈나무 소일거리 수상스키 Retro 시사평론가 better Freedom 못써 순미 치법 통독 구심력 김승호 김영대 김준성 대종사 립싱크 베이식 불허가 산정기 워터스 제한제 지지표 ##watch 1361 1562 서커스단 Extra ##결정 ##꼬불 사록 틸라 피통 해우 gmp 기독론 김영찬 번지르 복소수 지역색 WWDC 레드카드 대우종합기계 ##보존 만면 서애 유금 죽통 지포 티유 폰티 irp 김수경 도청사 위탁생 유입량 허익범 1039 3360 where 003550 zz 건넬 대런 동훈 봉돌 쌤통 용식 PON 권순일 김종식 날아드 박성웅 정려원 조국인 1378 1467 CSFB 커스터드 타타대우 economic YN ᅳ그 계진 백관 수효 스팽 애즈 양순 영심 치피 푸싱 ##축전지 ##ipse 기지촌 김정재 다기관 이상용 임기영 장국영 준이치 짝짝꿍 ##키나파소 1284 1427 idea 로이스터 불공정성 크레이머 shift Friday 부르키나파소 스타플레이어 ##하스 매유 밴스 순열 홍완 꼬챙이 박상규 사림파 ##istor 1327 어찌할꼬 동아일보사 reference ##ef 김을 보담 아롱 이곡 채인 팩맨 행령 화농 김동규 꿀꿀이 변성완 산마루 지방지 처갓집 클리브 킹스턴 호성적 쓸어내리 String 니우 도유 신은 엽우 인젠 허츠 환가 GMT NOC Wet 비산동 세자르 아자씨 제이컵 흑맥주 ##night 2042 2044 레모네이드 update ##ryu lx 저길 지러 Laz 뒤엉킨 무의탁 문지방 반입량 방문기 스냅샷 스터링 조지훈 1748 BofA Mean mers 선거인명부 성남아트센터 EK 겠어 배배 송충 프릭 화속 ##rade 권혁수 김덕룡 못할지 역할극 연주단 정지영 즐라탄 최주환 큰아이 죽여버려야 군공 망중 화디 ##ires 김한솔 박옥희 오해영 피오르 1631 램페이지 module Upstream ᄋᄃ 발서 밸러 ##oven 다대포 스톤스 위즈덤 육탄전 파르티 1674 NCAA expl load 기술신용 무공해차 이중생활 진술조서 칸타빌레 기술신용보증기금 누라 명정 번제 봉직 언정 윤문 종잇 혜나 dmc mbk 검둥이 게이조 그라드 꼭지점 아미르 외교원 이육사 창조론 퍼킨스 1482 1553 6470 Math SONY 꼬불꼬불 윌리엄슨 충분조건 Doctor Institution Ok 라게 야누 정완 치한 ##오징어 HCA 강원영 검찰관 단결력 단풍잎 불러요 이자부 제라르 코레아 1744 PARK 고문치사 Agent 오른손잡이 KX nx 더가 덕구 맛살 메추 세니 양신 인광 ##불가침 ##abit won 그려왔 만년설 벗어남 소용돌 의뢰서 지그래 활동력 고정관념 상황버섯 month ##성전 기옥 기천 때늦 왕사 원윤 을로 함자 ##ador 강타자 김용현 당업자 분류학 비동맹 신난다 제어판 0013 1279 1523 thin 긴가민가 마사유키 사과드리 대하드라마 신성불가침 Semiconductor Administration ##디트 가레 댈까 뒤뚱 반봉 므로써 아까웠 은나라 인간학 임종헌 적중률 지라도 최진석 코만도 ##nside 1334 빠집니다 와이즈만 욕심쟁이 밝혀졌으며 Section 약인 응법 채끝 초행 꽃나무 남정현 분회장 원저우 이모작 이용진 코요테 프라운 한승수 1269 VCNC 게토레이 번들거리 벌어질까 Picture 덤벨 류신 박옥 석태 식솔 영력 항적 ##aria HID Lon Tan 금수산 김인철 뜯어낼 라이노 마우이 사회장 윤미래 이정진 전기요 대성학원 리드오프 조치원읍 했으리라 ##벽해 ##세울 ub 각동 슬론 풍도 흥역 ##다나오 PIF 보조자 볼쇼이 신기원 전차선 통감부 환어음 1569 상전벽해 포장도로 지크프리트 Linked ##이오 야리 엥간 제피 폐식 학운 합부 후년 CMB 무생물 밀거래 보호기 월급날 ##Press ##inity 1733 2212 뛰쳐나왔 어이없이 formation ##lr ##목마 멜빵 버번 텔리 ##idel Dor 김시습 여잔데 이스즈 중입자 1655 Jess oops want 미적거리 육해공군 자유이용 파헤친다 Olymp Artist strong structure ##릭트 능지 라헬 생상 서오 일청 자안 키디 풍지 혈맥 ##아미노 ucc 노들섬 박지은 안호영 앙갚음 워털루 장기영 정릉동 BEMS 민족정신 ##Go ##위키 ##재주 금옥 평성 ##다이빙 MXM 땅거미 모르핀 뿌리박 설운도 손꼽혔 엉겁결 이범석 정률제 줄어듦 최정희 허태수 Labs gate 는답니다 민족정기 블루칼라 중순양함 신디케이트론 ##림만 ##보상 ##utt ym 독수 실당 줄려 참시 탈린 향내 CFI 디킨스 물청소 수의과 정조국 찔러서 6950 느껴져요 민다나오 비닐장갑 유리온실 큐레이팅 회전목마 alpha Critical ##박해 ##전심 양잠 천강 타빗 포원 학정 황부 GOS HKD 검사관 물린다 박성철 스텔란 의무병 전파법 티스푼 1563 1652 2672 가로림만 금수강산 아르고스 구텐베르크 Primary ##르슈 ##일로 ##irt 경오 그케 물간 세희 티안 하백 혼주 과실주 김종원 내어놓 디스트 조로아 찬성론 타당도 파상풍 해수욕 1754 피어올랐 디스트릭트 ##세어 ##실신 ##oyd 강역 두절 샅바 성곡 안두 중범 쭈글 하제 ##르타뉴 SEM 루비콘 박진형 서투르 이종필 지옥문 창설자 채굴장 최선책 흩뿌려 0394 1751 dest 브르타뉴 클라이드 수출보험공사 ##룬디 밑면 본향 왜사 해복 ##어누르 ASK Bak 따가리 마구간 선언서 찌푸린 헤이븐 디스트로 sports Thunder ##저런 ##ulu 광한 내발 버킹 ##쌍둥이 ##anne ##iate Cle MOC 뉴로스 돈방석 떡실신 라일라 버려질 붉어졌 아르센 제몫을 코레일 AMAT fail 찍어누르 Substrate ##방임 ##사공 ##연애 고팠 교치 내와 PNC VER 건다는 불입액 수덕사 염창동 유키노 잊어먹 장수왕 뒤떨어져 류샤오보 신지식인 Specialty ##비틀 ##음속 걸렀 나탄 류인 리슨 석봉 춘희 ##테라스 Lie 끝마친 를르슈 민스크 비슈누 사쓰마 지도안 체결국 클루니 합수부 홍사덕 ##통신기술 ##ances Jazz 대성통곡 사라져도 습니다요 익스텐션 온데간데없 서울통신기술 Operating ##HR 권석 꺼벙 심봉 싹둑 액터 엎질 종강 허도 ##leum CFC 강감찬 시우민 이채롭 체스트 SMPS 관훈클럽 드롭박스 심방세동 열무김치 소용돌이치 Panasonic ##러가 눈비 대둔 목간 편직 ##쑤시개 ##iles exe 꺼려했 아야코 조성모 중간체 행사시 MMDA 로지스틱 자유방임 Extreme Py eB 꼬깔 소흘 스구 스사 양옆 옥희 고척동 김선욱 남다를 대제학 세이야 식물체 오뚝이 올려졌 춘다고 1629 IIHS mrna 리바이벌 여리여리 Ratings ##푸석 ##din 과락 구달 메코 원줄 재령 편함 ##결혼식 ##방항공 ##ishi 교정기 늦춰서 버텨라 시큐브 양묘장 용산동 이러나 정웅인 허태열 가보세요 두들겨맞 이쑤시개 푸석푸석 ##노운 던대 시토 타노 ASA Kid 계양산 미워했 영세성 정진수 존엄사 코팩스 톱타자 희생물 귀여워서 comment 목단 양론 전평 취골 취집 ##시티역 PIA tod 나갈까 다케오 왕당파 조디악 스타우트 풍물놀이 흔들거리 ##ooting ##대란 송천 실선 위피 임찬 들이켜 쏘다니 외교단 정리함 카라얀 ##scape 1343 1528 다스린다 ##가능 ##max 거둠 김래 토포 ##스티지 any hye 김재훈 부으며 서로마 으신데 이기종 정여립 지켜줬 최종식 해져라 2415 host 공공용지 드러워서 매스티지 봉급생활자 ##음을 xp 단금 디크 로르 예브 왕진 장감 창준 고래밥 금남로 서예가 애견인 으냐는 이상무 이용업 청산도 크라잉 2228 7850 Cass Lamb 캐롤라이나 UNESCO ##uns 게라 덕행 르고 버켓 살결 주태 CPR DFS 걸려든 구해냈 방어진 산동성 이시바 이화영 ##itics 1434 6850 Bolt 페더레이션 Around ##투쟁 ##TAS MDB NPB 낙선자 물수건 박세웅 운서동 이상인 클리앙 ##lines 경순양함 움츠러든 중앙아메리카 ##쿠보 ##한기 격찬 딸애 사크 액기 원원 탐조 흉통 NGC PLO otc 가버리 놨다가 대변지 황건호 1574 door 헝클어진 세르반테스 Silicon ##USH 감긴 겉잡 식순 역복 위건 장목 ##izen Jes WEB exo mol mtv 봉태규 오누이 유니스 이규화 충주댐 WISE 한다고요 ##경주 ##도모 ##땡이 ##카마 맥키 민다 반즈 방죽 봉덕 뽕잎 운고 파탈 ##카르노 남부럽 도경완 선운사 시맨틱 조승수 체당금 치마폭 1423 로그인한 봐야겠지만 Scientific ##LM 거병 식형 첩경 팔팔 풍채 ##언라이 MAD fff 공안국 우근민 전재수 조리대 팔각정 프로도 1438 끌어당겼 팔린다고 클라우디아 색슨 요안 최보 호자 감시초 김태진 대학자 뱃사공 병원선 오승훈 판잣집 2920 rank 누그러질 후쿠자와 저우언라이 Albert ##사메 ##프롬 컴맹 ##살로니 Occ 김승회 남달리 라디안 박영주 박해일 생활인 엘케이 정미소 파워스 Born 주전산기 Fitch Africa together ##피크 구녁 달변 명아 서계 양패 채시 하얘 핸슨 ##아파트 강연장 두터웠 뭉친다 미장센 세이드 채만식 파일러 수생식물 아닐런지 전시회장 유비소프트 ##ryl ᄊᄉ 권미 사반 서발 org tab 김도형 산성화 아로새 이원영 가스프롬 admin common Reference ##IGH TQ 별론 송두 술자 애고 역한 요들 전약 주섬 지외 팝핀 피검 화안 ##pson 거여동 김주연 대퇴골 메추리 세리아 손민한 우생학 우치하 파김치 2144 STOP phys 거둬들여 놀라워하 눈여겨본 증거보존 어우러진다 ##져리 ##NER mS 아등 야루 용전 추승 ##사우스 ##웨일스 라야지 바벨탑 발연기 이행시 Semi 고공비행 편해진다 스카이블루 Weight ##등어 ##레토 ##삭빠 동읍 복주 부발 슈왑 야타 오충 팔괘 PoC 로켓단 신익희 헉슬리 화도읍 1281 1292 1639 FCCL 메이필드 ##ycling ##poa 대훈 이업 키카 탄종 특란 검역관 메갈이 병맥주 볼파크 생성자 아이엠 언노운 욕쟁이 추진제 타이가 홍당무 0212 1696 두려운가 스러워진 주커버그 Counter ##Bro QP Rd 규례 대배 산염 쿠다 험상 QoS 덩크슛 부정당 빈민촌 중수소 털려서 ##절약 ##커브 리샤 명경 밀면 보영 시베 주타 키오 후정 그래머 문하생 배성재 슬러시 제조원 1461 개인영업 디비시온 ##JI ##줏빛 ##oxy 강중 래니 릴레 운선 탈춤 ##ulin keg 미끄럽 번식력 분해서 위수령 이은택 ##erate 1551 Gear 교통대란 급경사지 사라진지 jcpoa ##주섬 김채 꽃씨 당설 뒤태 원평 키어 ##브란트 hdr 곽재우 교육회 김승희 는도다 드셔도 레이코 무절제 미들턴 점프대 제조소 카펜터 SPSS 애니맥스 consensus ##이슈 메도 명저 미반 뿌요 성은 어든 김난도 셀레나 소논문 원시선 1369 2720 Laur 주무세요 주섬주섬 ##enance 가져옵니다 Authority ys 비양 살뜰 캐미 황매 김영문 나니아 부르봉 예술계 정세영 레가 보락 심계 타닌 탈자 틈나 ##kang tea 사이고 양당제 이용기 이혜정 젖어들 케이알 ##illar PICK 고추냉이 맞물린다 슈라이어 커졌으며 프라운호퍼 Function 국광 꺼린 렐름 림보 매천 맹호 무문 손경 이젤 함진 황간 ##신문사 KCI Tap 노려라 요크셔 1263 1532 5450 Carn 부드러웠 이심전심 중문관광단지 Current 건내 고합 찰시 채송 ##ktop CMG 강병원 겉모양 경험칙 남태희 대가족 떠나갈 빈지노 심대평 장성기 청진기 칼퇴근 푸르름 1442 균형성장 솟아올랐 의회주의 ##ushnet 보나파르트 ##감소 ##토머 ##jet 관산 산약 수욕 쓸래 안통 장파 통망 학개 허종 ##브라더 SOA cha 김희중 로열스 박신양 윤후덕 퓰리즘 1437 2390 2840 Gram 뭉뚱그려 아도니스 안방마님 조직범죄 크러스트 Rigid 레드페이스 듈 ##거세 ##omp FV 수봉 신독 자칼 졌나 줄잡 핏기 ##녕대군 ##apon PLP 공놀이 권선동 나무랐 달궈진 동숭동 반려자 베이브 유실물 이르케 한지영 한효주 ##스타디움 갖춘다는 근검절약 혈연관계 사이프러스 mfuture flexible 맹이 지끈 편액 GPT roe 김병지 노덕술 유동근 1465 ##밀조 논자 명철 소당 해례 DPI Ern 노동길 들이박 만화경 방정환 서러워 소방위 쇠붙이 스탁스 안도현 약삭빠 요시키 이동주 1429 PaaS 빅브라더 contin 한국자산신탁 ##케트 ##팔렌 ##포이 동매 설기 어윈 예쁨 와와 ##밀조밀 ##asia Vac 달려든 부흥기 사부로 유승희 이승헌 하우저 Niss Tenc Yout 시달려왔 토목건축 ##피렌 새판 세민 좌안 차진 판석 퍼짐 oda 레저세 수학원 용병술 뉴사우스 오밀조밀 지녔으며 includ 뉴사우스웨일스 Discovery ##마엘 ##삼일 ##틸라 jr 가조 관식 권현 당숙 러링 양윤 엉덩 옥경 죠셉 HCI PHO 맞바꾼 부르즈 소수력 액센트 요구액 이재진 이종민 팽나무 허진호 2112 마쓰모토 Butter upside 뒤짚 랩탑 마샤 밀밭 알키 정암 청설 화란 화유 ##애니원 ##eous 경수진 김준교 붉어진 아그니 영문법 3120 미련없이 버렸으며 투애니원 ##elling 세바스티안 까닥 다관 서낭 손봐 술기 ##8300 GPA mal 강다리 강창일 동행자 분계선 아비코 원효로 이성질 쳤으면 칼로스 표현법 0060 1493 COPD 렘브란트 벤조피렌 감감무소식 ##조직 ##TES 령전 범과 뽀얗 와츠 ##시밀리 강요죄 김대식 남규리 레이버 이수경 징그러 탈영병 1251 진보연대 대구스타디움 ##Le 썽 ##사민 ##새벽 ##헤스 김권 김욱 능주 다한 디네 습속 오군 조하 종심 케밥 퀴니 gre 느니만 메마르 배나무 볼드윈 부서질 송대관 심판자 ICBC Twin ##enefit sleep 이뤄지더라도 ##nic 꼬끄 베릴 불릿 Gmb LBO 국어학 부가티 상하차 신림역 칼잡이 퀴노아 RoHS 간당간당 달항아리 정동극장 팩시밀리 27001 Compos 뜨려 록지 발디 성력 치성 ##구나무 김동우 도덕경 디스켓 로스토 마사루 마스다 이슬비 1319 1659 APAC 대하소설 라미레스 카트만두 코르도바 ##oz ##쩌렁 ##케시 강홍 낙승 내온 제장 초로 금고형 다수파 벽시계 불교도 블루문 석탄광 설명문 수서동 숨겨서 저전압 핸드북 Gang Snap tree 슈타이너 쩌렁쩌렁 agent District official 낭랑 석인 여일 열주 오욕 쟁송 DVB TNS 낮춰줄 노라니 박대출 좋아함 폐기장 6650 Kang natural 드와 앙식 절뚝 쫒기 쿠이 ##쓰레기 alb 기집애 김상봉 김창열 무심결 민홍철 새우등 스토니 아이라 유치에 즐거우 플레시 내팽겨치 달라져서 수렴청정 팔린다는 Unity 갈퀴 기령 성싶 외각 토브 김광호 따돌린 메틸렌 어긋났 참관단 1287 Cord sang 빈둥거리 Array 클라우디오 내빼 도야 산경 위에 장역 제역 투전 평역 UCI 간다니 거둘지 구두쇠 망명자 소이까 엎드렸 총통화 현충탑 1734 IDOL 몬테소리 dance ##공기 ##나게 ##rog ᄁᄌ 귀해 기찬 대월 동철 창군 피다 허밍 Boe UNF 다독였 성묘객 여과기 이단자 이성수 전성인 최유정 친한파 VOCs kids 야누코비치 ##수반 니퍼 동예 옥탄 ##away ##greg 볼드체 봣는데 성남동 연이율 이재경 주안역 최적기 퉤퉤퉤 1471 필하모니 정선아리랑 Acushnet ##시끌 ##황사 ##joy 랜트 맹아 유곽 이평 처졌 그리기 난센스 불당동 준다던 파미르 희귀종 1246 1324 1549 each 구자라트 군법회의 먹여살릴 시끌시끌 월간조선 작심삼일 엘라스토머 ##녹스 ot 병관 쌈디 자람 콜맨 개항장 김동훈 자아낸 조문단 ##irang tail ##EU 각화 갑인 복성 빡시 은발 청우 팝픈 메이든 박현철 봉명동 불광동 외국법 일상사 IMAX 팝픈뮤직 initial ##웨시 군호 래트 비밥 스베 흰옷 ##오르크 ##케르크 SGS ful zip 어딘데 원종건 이효지 풋내기 1447 1476 다녀와야 드와이트 중합효소 프로텍터 허위표시 Error 008770 ##도순 ##키모 까탈 멸할 북성 자봉 전뇌 집지 ##롭스크 김광두 대소사 역수출 원기둥 이한열 자줏빛 축음기 ##acher GICS 신대방동 지나쳐서 Agric 다가옵니다 ##누각 당게 덮칠 멜랑 불보 시고 야즈 울이 점지 쾅쾅 로스웰 말라붙 신교통 에워싼 주교좌 중창단 타카오 Spin 누가복음 최대한도 한빛은행 address collection 숴 ##무관 거봉 귓등 베자 종만 황원 ##에스타 mba 들이댄 심술궂 이창수 조리실 토우마 투성인 툰드라 Cath 술라웨시 실존주의 챙긴다는 트리스탄 댕겼 로호 본존 아감 예악 죄과 황비 ##르스크 ##hlee nim 검버섯 고사목 내려놨 물벼락 순애보 암살단 재배기 호소다 2934 Boys 모범택시 총격사건 아이엠에프 알바트로스 Notice Prince society ##JD ##gc ##관화 ##520 공노 득량 특차 파서 ##pack NRF 가건물 권영식 뛰어오 분류표 엠제이 재배당 전해짐 2740 어려워짐 전자팔찌 허물어진 ##Th ##독존 귀뜸 꺽지 날뛸 넬로 노만 누증 브금 손인 점괘 조를 찰제 최길 ##스코이 ##iche NSF WAS 매봉산 문책성 세차장 송신자 아로요 제로원 취할지 0047 Acid 돈스코이 which 가르친다는 ##룡동 ##알파 낭설 산막 세렌 신립 정삼 ##고로드 ##떡볶이 GRI NBS 김승옥 당했었 라스카 멀티탭 벤피카 시기심 역겨우 감개무량 앞당긴다 동음이의어 response 금련 닷넷 땅땅 병창 서혜 우베 현서 arg 니케아 서희경 쓸모있 옮아가 이현중 익선동 져버렸 차예련 출전자 뛰쳐나갔 생일잔치 유아독존 인덕원역 헤르페스 22000 issue 오르내린다 ##eco 갈루 나돈 방실 분이 사벨 호준 ##락거리 램버스 무학과 사시노 습네다 억눌렀 월악산 이응노 이철호 주마등 콘티넨 풍향계 플라타 1514 1539 세운다고 스테인드 시킨다며 프롤레타리아트 ##발령 ##정제 동묘 박피 삼현 실입 알도 으렴 전순 하셈 UDT 경사각 김교수 논한다 미츠키 바스라 안젤리 알아줄 이이치 흐리멍 Wear airi 도와줘도 노드스트롬 솔트레이크시티 Treasury ##바등 ##주권 ##중이 계업 난계 르비 생글 평영 학로 한웅 ##노비치 ##레이스 OCC Row eia 김아중 꼴사납 버킹엄 위문금 이루어져서 picture financial 감색 군령 둘리 반데 설봉 알케 열왕 영글 징거 ##트리버 그로우 뼈져리 에그맨 이기훈 이인철 0029 1676 볼리바르 아등바등 피노체트 042670 Holding account ##코이 ##편지 갈산 머랭 옥쇄 원덕 통정 ##TING EGF SLC bnp 김창호 문어발 브리짓 전업농 치우쳤 한길사 한승호 1416 살인사건 dyhlee ##쿵쾅 ##ils 그죠 라진 소안 운대 제겐 차세 추파 공고화 벵가지 소집단 장하준 1367 1483 KCON 오카자키 출렁거렸 import request Sciences ##복동 ##슈빌 ##슬란 너털 약손 칠하 희영 TPU Tam 구도자 뭉가야 미니바 불합리 온천동 유길준 1256 1472 2760 Nort Barrier ##vy ##바들 메신 빌스 수그 애족 연육 잠궈 편린 황연 ##마스크 TPG 공양왕 권이상 내비쳐 떠먹여 백작약 부지불 어울린 에스메 을려구 조범동 하이페 ##force 고용감소 구성주의 야생동물 Heaven iCloud Revenue ##태세 ud 목탄 약액 일실 춘원 파샤 Arg 고촌읍 김봉현 내려줄 돌기둥 박성효 살로몬 선제후 참수형 표제어 ##산나트륨 구한다고 Honey 로테 셰인 외성 원림 진신 표사 Geo 감소량 공공성 김성균 독서법 신경과 여의주 여장부 자국어 정대철 정착금 1716 데려간다 앞선다고 플루이드 Kospi 뛰어납니다 Interest 공든 라거 무박 은제 ##털터리 ##iant ##orph APM 고형권 던져도 요이치 장단콩 정돈데 ##스트처치 조선신보 크라이스트처치 Knowledge ##유석 보법 빠개 시릴 화경 ##소니언 구내염 나일강 들이댈 미룬다 발할라 ##투자상품 Adam Army less 대기발령 빈털터리 세레나데 데일리경제 Logistics ##량이 ##NEX 나유 노준 부였 카론 캅스 PSD amg 강수일 경동맥 김성한 이슬점 이영곤 초고온 펠리스 빨아들여 추켜세웠 ##어업 ##위버 길티 멘디 미형 요키 웃옷 클랩 혐기 rot 박현진 빅이슈 성장현 아카마 어설트 이성우 줄리언 1349 3180 Arab 넘어와서 명약관화 무에타이 쿠사나기 뉴클레오타이드 ##UD ##북성 ##스쿨 ᅮᅳ 두경 똥배 응단 저탄 차회 ##만자로 김미영 김현경 도덕심 버츄얼 에즈라 잔다고 전송망 페레즈 ##프라데시 콘티넨털 Maint Miller ##bro 도신 롱스 뭉크 윈덤 이숭 점칠 조억 조혼 통성 허목 흑심 흑암 박동수 뱅크스 분광기 압력솥 1341 1421 데려와야 망합니다 모르타르 킬리만자로 Gordon syndrome ##삼국 갑사 능원 두둥 마적 모렐 은광 잔트 치원 ##페타민 가라테 비쳐질 1557 Less 갈라져서 ##리르 ##울프 ##폰기 ##cel 교살 농고 변우 비뇽 상재 선소 정촌 퇴락 ICI 롯폰기 보여졌 이경섭 이정윤 키타로 판짜기 엠플러스 온다는데 Expert street ##자금 ##차려 뜨뜻 반탁 번동 시앙 의림 쭈타 Lan Oak SSF 괜시리 올게요 1262 subs 간접투자상품 ##emy 둘려 어릿 에콜 적소 진강 피구 ASX ODD why 무거우 와글와 타니아 1671 글루코사민 부끄러운지 ##베라 ##필벌 거봐 건승 격멸 고란 만동 혈구 화연 회향 HMI Hil WGC dat mts 검사역 김병주 부어도 성삼문 쇠퇴기 숨가쁜 양재역 오일장 유정용 이치코 재러드 토니아 흡수량 days 사우디아 오리건주 카산드라 콘돌리자 세계무역센터 ##백질 ##카제 ##팔계 가논 비몽 스면 스워 임천 차터 침잠 템스 남겨졌 루시안 물들여 싱그럽 자이드 진평왕 틀려도 편지지 프리즌 혜화역 ##otype item 신상필벌 원숭이띠 쓰디 어소 몰이해 배분율 세척력 유웨이 일으킴 주희정 나탈리아 Skype asean 뉴스와이어 028300 서울대입구역 ##standing Australia interface ##eda 격등 라슨 잔악 캄차 ##olis SUP 가로지 곡선형 단답형 삼합회 정재찬 3880 CBSI 대식세포 딴지일보 쌍판대기 잃어버려 Sleep hacho vehicle ##비빔 고각 눈밭 라원 라조 론지 심모 흉포 ##rief ERC Fal RUC 김승대 방상훈 우주관 3160 7150 Blog LLDPE ##ooj 누굽 누유 도항 독법 바름 쌀겨 얼레 영보 완봉 이능 증제 태실 구체제 기계음 촬영소 코에이 탑승구 하리수 1291 Whit 낙관론자 도로포장 뛰쳐나오 ##소네 ##피어 설친 포키 흑수 ##aign 감싼다 기중기 내준다 도우러 로드킬 서생면 소수성 송선옥 송천동 캄캄하 특출나 하이크 1282 애처로운 한남대교 브라운스톤 광주광역시장 디스트로이어 ##nm ##교전 ##용인 ##타천 땀샘 민이 소트 DPF 1513 집단생활 Intro 북강 양훈 임윤 aff 김영규 백미러 흡착제 2890 LKTB 날아올라 살바토레 오순도순 gsomia Fortune ##LF ##랭식 ##설렁 극상 모읍 테미 팬터 ##haus ##ingo Pic hit 마이코 유동수 이환주 일반세 임채무 쭈타누 7350 Choi Nike 중기관총 Posted 공처 줄때 줘선 차표 급한가 다스림 말라서 수고비 오일러 전태풍 지정일 쿄스케 ##ensor 1767 마사요시 서해교전 요시모토 environment ##입대 기훈 무호 실차 정들 화낸 ##치산자 녹번역 디플로 매들린 박정훈 이경호 이연제 코마츠 풍산개 플래툰 행정과 mean 보일러실 순진무구 쓰러져서 앤드루스 Boston Firefox Investor 기청 롬복 리판 미요 방천 유건 짠물 평남 Fax TDD 연소자 이르지 이재윤 최장집 1586 5650 시달려온 와글와글 테스트로 Honda 중앙아프리카 Magazine 국본 연씨 정묘 지무 한거 후소 ##비너스 nec 광명동 안지영 휴양소 1679 1761 공중부양 만납니다 25000 artist document ##팬더 ##gar 감로 포루 폭위 Yah 길음동 김춘수 내성균 멍멍멍 정원석 하나다 흙더미 cour exec 쇼핑센터 프리포트 using Apache 마이크로일렉트로닉스 ##BU ##혈전 감복 면방 부뚜 종탑 추린 ##uyen 김윤규 비가역 윤여준 이로움 자이스 전갱이 Sept 당했으나 오그라들 집어치워 헬리오스 Geely Warhammer 고깔 난의 양공 우무 죠스 준기 Cel 시찰단 종합안 카우프 ##ijing 0710 게오르크 성과급제 지질학자 죠스떡볶이 general ##불린 ##ohn 다노 앞집 오촌 잡기 중월 첩약 청이 팬톤 폴레 호보 UAV 고고씽 김창환 레인즈 이다지 최화정 후타바 1736 8650 Imag TFSI 남가좌동 누굽니까 케이스케 허물어져 브라질리아 ##fn ##브런 ##피두 쇼라 야음 절간 제해 짜식 가사일 강한데 그즈음 김세정 동역학 되살렸 식품점 지리지 1554 4290 납축전지 르누아르 자일링스 ##andemic Watson ##니돠 건원 본건 붕소 선본 아길 안홍 이솔 질르 청성 ##SION FYE NTC 알아챌 웨이팅 이타치 천태산 출혈열 필링크 모았으나 설렁설렁 요세미티 사우샘프턴 권인 끌끌 병태 실프 역청 읊조 흑흑 FUN 공포탄 야마노 이형택 제이알 줘야해 2610 그리니치 밥숟가락 자원입대 Tiger 헬로비너스 Columb 로썬 비옷 손비 슬피 ##aged ibs 겹쳐져 구어체 내비두 떠밀리 만장이 박덕흠 방용훈 베이시 부수입 원창묵 이중환 최상류 치아키 편해요 행해야 1687 2075 번돈으로 이와테현 캠프파이어 ##랑땡 ##삼현 ##선교 ##TAD 강임 갤로 건학 경극 경훈 닙은 비마 알보 역가 첼리 통천 ROG Rol 낚싯줄 뒤덮였 바람결 애꾸눈 이태임 파출부 황홀경 1373 1552 PACE 발렌시아가 일간스포츠 604800 korean ##직하 동막 소건 요업 으슥 채경 현창 ##재판소 Mos 권위지 김영현 김은영 박종원 소렌토 아브람 아지즈 이의동 최홍만 화살촉 4060 Perm 장막성전 케이틀린 Theme 앞장선다는 금릉 마클 모그 셔블 송연 음전 진짠 ##DING 골수종 뒤바꾸 문장력 뿌리쳤 싱거운 아리온 이타카 1581 Atom Nich 터집니다 Mirror ᄋᄂ 못잖 앵클 틸팅 풍치 환락 경향성 박동훈 방학동 2620 Idea 가로채기 칭기스칸 쿵쾅쿵쾅 Grade Annual 루이지애나주 ##gia 가향 귀공 달동 레네 선예 페냐 호색 ##퀘스트 ##파이프 RUN 관객석 김우창 모아놨 이현정 입찰일 피지선 2570 거슬린다 나미비아 챙긴다고 쿵쾅거리 Neuro autom ##attening preview ##kr 촨 ##폴라 남두 물값 세양 황두 hmm 겹경사 나디아 이승연 인식표 현기환 ##인삼공사 ##ategy 2590 그랬을까 사이러스 여깁니다 웅성거리 전후좌우 페니키아 Tight email 크라이시스 Nation Wilson Frequency ##누크 ##르산 ##한나 ᄁᄏ 속임 수없 앙주 엄씨 인본 주드 경부하 금복주 들으신 뚜드려 스펠링 우산동 이이첨 중주단 하마드 험프리 1272 1286 aiib 온정주의 hyper ##로쿠 ##메틸 ##찌검 ##IGA 마랑 빌링 액운 총주 사마르 안내도 패배감 휩쓸린 건드린다 보르헤스 탄산칼슘 Nations 고였 권주 노끈 라살 렇게 마론 일판 콜백 펜대 ##aces ##itic 강한지 김동률 김민종 로마법 마사이 별신굿 시슬리 더치커피 솔트룩스 접수창구 로타바이러스 ##겅퀴 ZF 건천 맞손 명감 김세윤 세르비 송윤아 신혜선 아이크 윤창호 이뤄짐 0669 지질조사국 ##SO 더테 미부 받칠 석구 용가 원적 케한 콜록 CPM Via 갠지스 고모라 뉴포트 석현준 신정훈 아파했 이재홍 장윤주 정상호 1436 1634 2730 GmbH move STOCK ##란스 락세 벙신 얀부 주명 중우 콩콩 포곡 포설 화색 황남 MNB 감정서 관여도 김동일 모아져 이상은 임펄스 즌라도 지산동 2176 nasa 그래그래 다른가요 빠져버린 프론트엔드 ##짜꿍 HH 얼빵 엿들 육두 이키 지족 추밀 ECA 고도화 귀여우 그라시 김성규 김재순 마하라 상남동 아르키 양심껏 운서역 이진복 입법회 주인집 태어남 오리엔탈리즘 Continue language ti 근기 위관 천륜 피바 HSD 까막눈 미륵불 배기구 1684 내려놔라 단군조선 이런다고 후춧가루 ##젝션 목책 미강 질릴 ##igan MIB MST PPV WTC 김태은 깨어진 실지로 저팔계 함박눈 1293 2660 실버산업 장어구이 클럽메드 ##ognition 가풍 끼울 모재 문홍 바예 보서 송태 시포 장리 짐칸 키도 ATI 빼돌릴 이용관 지저귀 창동역 추려서 캄차카 페넬로 하복부 CNPC wind 오글거리 중선거구 Where 코네티컷주 ##무나 ##발리 ##부재 KQ 바꿉 안자 여니 인년 체통 최이 헝거 희철 hub 늪지대 뒤범벅 부담자 아머드 양기대 얼룩지 엮여서 이마스 친디아 ##창단 그쵸 민용 박구 와신 ITA JOB 글로스 바그다 복사열 뿜어냈 사정리 안영미 우시장 유지류 젤라틴 짝짜꿍 1252 1576 hats said 와신상담 ##uthent 돌아다녀도 성심성의껏 million ##호호 미닛 배유 변죽 티치 BCI Pod Ras tur 문학계 살모사 샀으면 아리따 용머리 종자원 2064 2630 Beck Pedro 미닛메이드 건소 새김 안호 인법 트롬 하월 홍봉 BoJ jua 남달라 망간강 바꿔치 박승원 박종호 스핀들 정치계 줄여왔 차지철 판독기 ##itage 1294 kill 사양산업 옐로카드 pract Stanley ##와프 ##이는 ##자료 ##팅리 ##umi ##vet 바랑 밭일 빈말 옥소 종방 체현 행수 노리치 레이니 소나이 정전식 지동설 홍의락 뒤집어씌 쭈타누깐 Plaza 아르키메데스 Surface ##농업 ##boy ##pec 관기 마룬 수각 순욱 웬리 켈빈 혹서 ##aton SNB 갔을까 김태준 트랙백 행운아 FINA 그리즈만 이래서야 인디케이터 ##놀리 ##망측 ##파기 ##aft 가집 가환 남신 미쉬 방인 사훈 손종 슈우 임포 행은 혼절 홍연 CRA 넘쳐날 매팅리 무시험 불사신 아서스 지방항 나갔으나 마쓰야마 크라프트 플라시보 ##KR ##다툼 드포 론리 르보 세카 수찬 스고 열배 재패 ##하이저 더란다 신중현 어업권 월례회 지엔코 1497 1647 Give 동그랑땡 시라이시 ##adiene Coast Earning ##만대 ##카타 ##화기 교령 방뇨 법계 시태 야소 어매 영물 찻길 파싱 ##anth ##inar Osc 갖춰서 김호준 냉각탑 목마르 물보라 이과인 전게서 차지연 프릭스 황천길 KERI 꼬치꼬치 마사아키 ##clipse cream Embedded ##서핑 mu 구웠 발렸 피용 눈가림 이영복 일인칭 정재형 질문서 핀에어 아멜리아 잘려나간 steel 야마구치현 포스코센터 Toshiba 동건 르니 서삼 성아 우심 화중 ##브리즈 ##opia MDR MMR 라니아 리스토 버린지 센트랄 신소재 아들러 Palm 구스타브 널브러져 클로라이드 ##ificate 대황 소한 시콘 은파 ##base 김기훈 도나우 램버트 새로웠 생명표 소록도 신동규 저자세 최석원 피오리 1247 1346 숨졌으며 키사라기 타오위안 Trailing commodity ##색소 맥기 맹물 부코 삼엽 연포 총본 토관 화복 ##스피드 ##body 광천수 그랬음 만월대 복용량 북수원 의료업 코롤라 킥복싱 페레로 바들바들 종이봉투 들어선다는 아마테라스 Siemens Traffic Writing ##동행 ##소자 계년 고데 남순 옮아 창발 최만 훈증 김윤환 다이고 생산업 압축성 저항기 차가움 탄저병 특징짓 4160 LINK Sync 마흐무드 페라이트 peace ##erd 가젤 다거 등상 떨이 비겨 설시 홍하 ##pers 김상열 독점력 미니건 수쿠크 씨감자 연계성 의상실 중앙청 호신술 1358 2205 9990 ##낙엽 ##설탕 ##에는 나뻐 네마 성웅 예향 침윤 키튼 효익 fix 가물치 결벽증 동자동 소진세 시건방 이구환 이민영 익산역 잡아갈 챙겨왔 최병렬 친다며 특허료 ##jiang 2375 가족주의 Activity ##차츰 국은 박화 얼기 왕인 천세 효령 Upg 각시탈 끄떡없 래피드 로렌조 Aram 브리티쉬 황화수소 제노사이드 263750 Michel PlayStation ##미온 납액 로손 마역 봉림 ##opec 김명룡 돈암동 레우스 슬퍼서 전입자 정재원 1732 아리따운 오프쇼어 차츰차츰 보컬로이드 입헌군주제 Bureau OV 깨나 딴청 락관 목놓 병문 상치 쫓긴 폐비 ##합창단 FRP KMS 과보호 느껴왔 장혜진 점프력 홍춘욱 1448 kovo nice 그러더니 날아온다 starg 걸고 국신 말구 방현 완이 운증 재신 코센 회남 회덕 cme joy 김경협 김윤수 김재열 대한빙 망치질 손녀딸 앉혀서 오정세 이진원 자립심 조사서 주재국 호주인 우루무치 Court Mother message segment 대한빙상경기연맹 ##댓국 ##asi 네발 대고 등속 봉주 ICL rbc 경위서 디노미 상현동 소방법 젠킨스 최종건 학군단 헤링본 ##ching ##ribut 종합시험 디노미네이션 ##등반 ##벵이 ##조명 Aj 라싸 랭스 비레 서회 오질 잠갔 체우 품셈 혼영 회포 대지주 데포르 루벤스 모델료 박상옥 붙여라 시바타 우메다 최인훈 치사량 ##isode 아라비안 암벽등반 Whats Youtube ##쉬엄 대는 앙기 임훈 장령 접두 aci psg 김덕령 마츠이 서정원 아사달 은행동 넓적다리 크리넥스 마곡나루역 season Programming wd 백송 옹달 옹위 찐다 토신 NIC 건덕지 별다를 원격조 조감독 하이픈 호아킨 ##ected 1686 공산혁명 로젠버그 사다리꼴 앵클부츠 흘러넘치 olleh ##시비 ##orf 난대 디키 시머 투견 Ach MEX 바사라 순댓국 스사노 시방서 움츠려 이단아 종이팩 1729 1737 갑오개혁 나올까봐 황해북도 ##전사 ##ELF 결막 규진 동재 마씨 변란 월로 자반 잠결 톱날 헤브 His dam 맡겨져 바오밥 베어드 어저께 이병주 혹해서 6350 Seed 사상누각 쉬엄쉬엄 후지모토 Present 랗 ##반경 QN 반둥 영점 죄진 청빙 ##매니아 pac 글로버 기보다 기원제 둥그렇 란다고 윤활제 체험자 으신다면 필리핀인 안타까워서 간자 떨릴 비표 앙탄 언밸 열교 자증 저역 종조 지업 황운 CNH 기블리 김홍선 사나다 세밀화 옹달샘 지아비 커버스 팔라우 홍석우 ceza sale 되돌아간 언밸런스 Stars sweet 커버스토리 될라 뒤주 보혈 섞일 종보 패닝 ##eman RIA 김은진 뒤틀려 라이머 박민수 이주연 카바레 nato 아세트산 추풍낙엽 Brian 마이크로그램 ##언즈 별첨 부럼 항도 Cry flu pad 경계인 굴욕감 부려도 불어라 쉬우나 역수입 이태호 장영철 전제품 조사표 최광식 1449 3480 돌려보낼 오를레앙 Markit ##여야 꾸란 내쉰 망론 Ale 강신우 급커브 분실물 자실체 정신기 ##cedes 2046 2114 Bund 맞받아치 어려운가 네이션스컵 워터하우스 ##내강 ##둥글 ##민속 ##iko coo csr 노부오 니프티 뿌려졌 어깨끈 위상차 에스키모 ##astics President ##FU ##어다 우어 은장 제츠 청보 택호 폭시 함세 허슬 hts 김학민 노승일 리영희 소변기 이상태 저장조 그루터기 바람잡이 스타트렉 Sonata disease ##냄새 Ot 디셉 따놓 세보 수좌 조프 참지 체선 춘분 휴강 ##민속촌 그러할 단면적 야만족 이보호 조성호 증류수 진영읍 행락객 3070 kpmg 디셉티콘 아산재단 Busan Thomson stocking ##rin 가민 런드 송덕 오운 으먼 인애 깨우친 니까는 자이안 커틀러 향수병 화강석 1376 가시나무 바스키아 왕벚나무 장금상선 느껴진다는 알렉산드로 한국민속촌 ##relation Progress ##르몬 ##분지 ZZ 건고 다웠 별법 용남 우형 운비 칼슨 키런 트윅 ##uous CSM KAC 공저자 얼차려 잡혀갈 투시도 1658 2083 고립무원 입니다요 저런다고 기어들어오 ##AX 궁하 께로 다손 래피 실론 아옹 에헤 ASC 브로슈 신영수 어쩌고 외마디 1477 1667 문화공간 배운다고 양벌규정 요시아키 지오다노 ##고투 ##트릴 ##esm 기댔 서암 어뜨 염포 ODC OIE 명동역 복부인 빌빌대 씨부렁 아드리 억눌러 오리사 이준익 좌우간 천호진 케이브 1381 IaaS 주가수익률 Restaurant 원병 호헌 ##티시즘 ##irus Tob 김민식 니코스 분리기 스파르 시골길 아픈지 이철규 추첨식 나카소네 악전고투 Killer ##컬럼 광배 노국 러진 석지 토실 통매 패서 홍용 ##pace Lay TWh 굼벵이 김오수 돕니다 릴리아 송민순 신봉동 안티고 유영상 토착종 한민구 확실이 골드뱅킹 아스타나 진달래꽃 driver flower electro pattern inflation ##DY ##꺼리 ##pin 골란 절집 조판 총원 최해 AEC Sac 모니아 우물가 카미유 ##아미노펜 CBRE 민속마을 어려워요 젠하이저 끌어들여서 Contact current 매일경제신문사 아세트아미노펜 ##승마 감람 강체 곡간 밀이 보두 비다 옛집 찡그 김종창 다닐까 리한나 박종환 분한다 불어온 불연속 썼으니 안드라 이상욱 장쑤성 해경청 1742 9150 HERO 외유내강 Boeing Document 겸했 배승 소귀 타면 현리 ITF 강민경 쌉니다 양승동 이창근 최은희 하야미 WIFI 대한매일 한솔교육 넛지 더링 덧나 말괄 복승 향자 ##저쩌고 김용희 리수용 반항아 방준혁 송도역 쇼타임 수험서 암투병 야가미 어린데 조병현 친형제 파닉스 1451 말괄량이 본다면서 에덴동산 이겁니다 ##around Civil ##선녀 ##츠미 거이 도규 막간 사갈 소민 앞둬 어와 영찬 잘생 조방 종법 합력 ##정부제 고파서 기후대 봉담읍 이동인 토론장 둥글둥글 무너져도 약해져서 PECVD 이니에스타 Tencent ##repreneur ##라멜 구네 단건 방동 법어 움트 주독 치정 bed 리스팅 민경원 0043 princ Reserve Russell Physical 다뇨 디토 바즈 빙벽 생몰 와부 충의 칠기 한갑 ##유니온 ##젤리제 등가물 리베리 마크리 바이츠 오이시 절단면 최진혁 하나로 들어갈지 비트박스 샹젤리제 Fiber 화이트보드 iphone tn 범아 비조 죄받 풍국 휘성 ##수주의 긴꼬리 눈부셨 면바지 발꿈치 쉐이드 신정아 퍼뜨릴 2077 2820 무릉도원 시끄러우 Hills ##유통 꼬셔 안해 영특 우징 하당 ##onna JKL Reb kfc 뉘우침 마이아 반봉건 세계선 심플리 여한구 제기동 1699 9950 Bass 로스토프 크림소스 psych 나타낸다는 Princip sustain ##존중 ##Man 곤륜 도술 둘지 부망 살장 써진 애락 오형 우란 탄금 ##무더기 ##dong tre 가속화 김철호 대기압 똑바른 레기온 아라고 재고품 키루스 한정애 1677 일산대교 페네르바 Honor 돌아온다고 이스트우드 ##러우 만용 은교 을왕 인환 전행 ELT Hur 다다르 밭두렁 서명자 손정의 일깨웠 가정교사 초스피드 found ##yme 다부 배필 에밋 채린 팔작 화타 PHA TIM 강태공 격리실 산신령 어딜까 얼음장 ROAD 브레스트 Flower compet ##페롤 걸랑 명구 별말 새시 쓰가 유몽 청간 초야 HKT VDL 고다이 돌아봐 동춘동 리베르 브랜슨 아라비 의성어 조직책 카이지 ##랜텍 Gn 류탄 산남 육대 임소 쥐똥 치악 칭함 쿠커 ##tech 외골수 윗동네 이랜텍 정인홍 켄시로 하치장 1463 1708 6980 브랜드만 느타리버섯 어쩌고저쩌고 Clarkson 관복 굴업 녹동 닦이 북변 bbk 고대영 대문호 떠받쳤 숙지황 양정숙 유진룡 노렸으나 grand 가닉 덩실 들입 우변 임민 코엘 페릴 Aur WMP 마이오 보통학 양전자 와이너 원할하 일개미 카나메 코무네 0331 1371 1432 6923 경로잔치 드러날까 북적거렸 싫어합니다 재료연구소 jwshin ##호주 공납 깨울 봄볕 사셔 소쇄 암리 월시 정엽 콩밭 파단 ##라이버 ##프렌드 가디스 노려서 돌파력 백재현 시험기 심은하 재편집 정진행 파인스 Boom KEIT 골드미스 보이프렌드 어려워진다는 ##엽서 ##테쓰 농군 머글 바뻐 붉은 언놈 정란 중속 팀제 피알 허스 ##국민당 Uni 고깃국 고은아 네이블 바자르 법성포 삼랑진 싸움판 오스왈 이명기 자유시 황희석 3210 3990 4990 뷰파인더 사그러들 한국언론 Matrix ##부엉 ##빌라 ##영웅 dL 속망 신북 쑨양 여와 저무 전깃 째깍 트윙 CEA dpi 경찰법 김경숙 라시티 이갑수 자연관 정몽원 2141 가져와라 모은다는 바뀐다면 우에하라 토코페롤 페르시아만 jQuery Markets 경본 궁동 묵언 탠디 황전 회무 ##afka 금난새 김윤아 박희수 심재엽 알레르 이완신 장방형 테이머 8450 PUBG 대전차포 들으시고 이뤄졌음 ##티보 낭트 달림 덕원 성판 심스 심현 호튼 황나 ##온천역 MPP 김혜진 바버라 오창읍 이사부 친정집 2087 8150 Watt 그친다면 확증편향 ##entive ##mingbird 슷 ##현리 겸연 모린 보회 오빤 옥구 진여 팀스 ##uate ##ucci 고만하 구자홍 베르타 삼척항 시마노 아이쿠 이명우 제리코 진수식 포격전 플러싱 Doug mart 가르쳐라 ##ivation hatsan ##기아 ##boo CQ 로템 분트 비길 승룡 ##티에이 MCC 단어장 반달곰 손찌검 우거져 총예산 한글날 1654 7050 trust surface graphics stargirl ##ieu 꼼지 복받 오테 인앤 창상 탑상 화날 ##존중감 ##케고르 ##6530 ##PORT 넘실대 두드림 손병환 야행성 양수장 옮겨가 크롤러 ##bucks 0070 3090 기념식수 무장봉기 애플뮤직 어떤지를 인앤아웃 ##aining 자아존중감 SPORTS Offshore ##닐곱 ##출발 개굴 양옥 ##변제권 ##혈색소 쇼타로 예닐곱 오정근 이석태 3240 7980 zoom 나카야마 쓰인다고 당화혈색소 우선변제권 Forever Genesis ##바야 랜즈 무슈 야무 야아 주엘 번역문 부추김 쇼맨십 아오바 조루증 필로우 정한다는 ##Id 감쇄 볼러 탁도 험비 호석 CCI TER 기왕에 양만춘 이상구 총동맹 콘라트 0862 떠올라서 비밀문서 체임벌린 Covid Fight instit Justice ##창조 강덕 교호 기방 설래 소어 출타 한호 항정 혜능 ##accp 무소식 문석진 바누아 박찬종 실어야 2690 6550 russ 모래바람 평생토록 브리타니아 이디티에이 인디애나주 청년유니온 금조 벌처 스자 장은 쿠티 특세 후편 ##Type ASE 국방성 디젤유 마사미 무척추 박영석 배상면 비루스 라거펠트 이그니스 ##ocracy ##빤지 ##음제 ##후미 ##opy 면키 반차 쇠창 장필 널빤지 밀어낸 빤다고 여하간 우호국 의암호 자금원 종가세 환원제 근로관계 나타났었 어떤지는 jungsw ##시름 jt 리임 양감 우프 위턱 유계 콘체 토아 호종 효명 흉작 Bee ybm 공화제 떠받쳐 바리스 분사기 숨긴다 작아져 조진호 커져야 케이준 흙막이 1491 내버려둘 치매센터 033780 폼알데하이드 Cd ck ul 멸문 선감 스닉 왕소 현전 ##달리기 Fol IEM KRA 김용주 늦춰야 미요시 쇠창살 시퀀싱 은박지 자취생 최면술 해운법 ##올라이트 1697 PBOC 걸어간다 높이뛰기 치어리딩 타이틀전 Movement ##가다 ##비리 ##윤수 낙영 스풀 종소 체라 헛것 호타 GLE 공기총 디오텍 무협지 친수성 통신구 할로우 euro 글리코겐 스코필드 equity ##척수 교행 명안 보린 섣달 셔라 소뇌 연광 요타 장특 지담 커쳐 화점 bat 구본환 대축일 레반트 박상철 인젝션 제비꽃 크라카 폐지론 프리챌 1354 신보수주의 ##iability Brokerage ##꾸리 ##ogy wi 까말 리회 배위 애피 오귀 캄포 푸지 후덕 ##link 게임방 기능공 노하라 놀아났 러레이 부뚜막 블랙번 슈이치 연우진 예술사 옥스팜 저어새 조생종 천정명 포르토 1673 2067 광장시장 당했으니 지피지기 애피타이저 Strategic ##도네 ##찬성 껄떡 드이 보토 안연 안테 엔키 윤건 ##time FMS 개울가 돌아옴 비어만 서청주 싸워온 안암동 1641 기능주의 Monthly 미언 본판 서위 요부 툴바 폐포 EDF 씌운다 이항복 짓이겨 1657 1692 Boot 구조조정 알아낸다 ##agement Renewable nl 귀두 디페 소해 여곡 음험 태지 펄이 필멸 기아스 부도난 아녀자 오대양 하이튼 헤이글 7450 HBSI RAID 바그다디 안락의자 우러나온 윈드서핑 기다린다고 마르티네즈 곰취 관류 꼬매 수향 틸다 Din MET Mbc NRC 대모산 목매달 박정권 우수리 카나코 트웨인 하후돈 DATA 난중일기 무로마치 부린다고 WiBro 콘스탄티노폴리스 견갑 드란 루로 입추 최예 털실 표수 한밤 금속제 도치기 라더만 마애불 부가금 상봉동 최음제 1747 ##itative ##간지 ##날인 ##정맥 ##ugg Ub 눕혔 몬도 찢어 칠석 테무 허미 호포 ##페인트 Ari 구속자 내슈빌 된다구 명확성 올까요 0076 ISIS 통일민주당 Grande iacute 하이델베르크 오클라호마시티 ##노르 ##무상 나티 도겸 떠미 불탔 빗맞 아목 후베 ##here 겸연쩍 네그려 박영식 수출환 스쳐도 아스톤 아플까 이영주 중앙대로 도강 비술 안숙 양혜 염성 지광 ##ades Lex 가을비 능글맞 뛰어노 송악산 송종국 스피카 황진이 Slim 급전직하 테세우스 quant perform Yourself ##시경 능성 데마 롤프 박채 봣다 성징 시환 오서 윤조 컷인 합석 현해 DRI ubs 떠넘길 무인역 북한학 적어질 치사죄 귀염둥이 발칸반도 buffer ##balancing underperform ##VEN 다려 방형 본리 HFC KTR 나팔꽃 보정동 청한다 크루제 ##ivacy help 들여와서 마쳤으나 최고재판소 ##정감 ##푼젤 갓갓 딱새 레사 약병 쫓겼 피장 혼백 가열로 라푼젤 미니맵 서세원 연체금 치여서 한국정 Siri 고마워할 대상경주 시름시름 양화대교 lagging ##hn ##워치 ##티컬 ##cle 갯골 낭시 유먼 쥬쥬 진음 혀야 ##스토르 김정길 돈거래 세리카 쪼들리 ##angle 1656 FIBA 국가수반 선교단체 오르페우스 ##겟돈 매송 임철 중평 콜렉 틔운 화일 ##포도주 ##code put 금산사 니시노 루미아 재통합 저런다 전병윤 죄수복 차나무 트윙클 한페이 핫식스 1466 8590 find 국정조사 씩씩거리 휘둘려서 조로아스터 ##On ##SF ##성찬 ##요소 ##펀치 고처 궤짝 리주 선혈 성면 신난 영근 을진 이말 임위 지헌 콧날 토한 티트 가오루 강수연 굴포천 바위틈 심비안 유화제 쥐구멍 쫓아낼 쫓아온 초임계 한자음 ##build cycl 아마겟돈 이부자리 Rally Assistant PY wk 첫손 촉직 휘문 ##조미료 Imf Kos esc 가제트 드웨인 봐준다 신동원 아사미 애창곡 최창식 Magn SSCP 싸이클론 ##uki 김언 뜯긴 BIX SHI ucl 걸프만 검푸른 명계남 씁니까 제발로 해로울 2960 Duty Must 바누아투 비밀주의 130960 studio ##트만 간녀 동귀 예예 토필 Bol PIP 그럴지 바닥권 쁘락치 손가방 시그네 열려서 이동흡 최재호 하석주 홍장표 ##arden Realm USMCA 시끄러운데 화학조미료 010950 carbon Networks ##GM ##벤젠 ##arn 보림 성이 세범 시평 엔조 왕대 조헌 태위 폐관 경주로 공군기 그로기 뒷정리 서인지 플라본 when 그럴려고 바꿉시다 돌아섰으며 ##콰이 ##탐사 bd 고호 만혼 남중수 대원수 동양학 비슬산 삽입부 엄기영 예산서 카바니 칼라스 하늘빛 합금강 0009 1698 Mono 기어나왔 아까워하 플라스크 Interactive ##흔들 딸꾹 민달 복된 부방 제생 진매 징진 폴바 흐릴 ##베로스 ##TRAL 마산만 머시닝 목청껏 박소영 오금동 최종범 ##worth 0016 bill 가을맞이 사주팔자 송파대로 연애편지 터치다운 떨어뜨린다는 ##KU ##제자 ##Lab 물상 소교 용태 표몰 풍천 못쓴다 양지혜 조난자 통나무집 ##onesia Woman 만듦으로써 제올라이트 Knight Gf 라듐 면실 밑간 안원 착함 카날 포데 헤카 PEM Pra 궁둥이 그라모 김용석 따라지 먹여라 부상병 원인자 차리리 타이스 포지오 행크스 ##icket 2254 Hunt 뇌성마비 어두워진 제이케이 minki virus 구조조정본부 ##군란 ##arc Mt 모심 안문 침지 팔미 cro ter yul 관음사 김윤기 낮춰도 다연장 뛴다고 박현준 보완재 이태성 인물상 조경학 처마시 7650 슈바르츠 임오군란 전자기장 Harris Historical ##지에 ##토쿠 리반 박금 비컨 신효 쑥갓 ##디스아 BMP 국민장 김용남 신창현 이기태 이기호 임상수 커세어 ##world 1359 그리워지 나이트로 느려진다 싱그러움 아디스아 지적공부 아디스아바바 ##저쪽 Ku 가둘 곤이 꾀해 랠프 밤색 시엔 아쟁 온습 우긴 좌선 초불 ARA KEY 구릿빛 마태오 맞춰왔 박재상 삼엽충 최명희 홍만표 그라비아 남북교역 저공비행 ##거부 ##uru 나용 동토 린코 심고 여다 열댓 자은 효경 ##aves 굴러갈 극미량 나갔었 불러대 쓰디쓴 완저우 유창근 최운열 페레이 폴바셋 Pair WAVE 대한뉴스 무령왕릉 이룬다고 금호아트홀 Launch coffee ##ᄀᄀ 뒈진 악쓰 LOG RDS ᄊ레기 강훈식 끔찍이 디나모 배후지 으뜸가 이동재 정소민 타무라 황태후 ##ecast 가을배추 갈라디아 예브게니 switch storage ##줘서 삼출 핸섬 효순 GNC his 김래원 늦더위 방문길 최진영 ##amine 솔라리스 순환버스 지킨다면 focus haccp Exposure 강풀 김향 베카 사패 새카 일초 철모 축국 측지 홍희 RMR 단일세 맡겨졌 물결치 양요섭 요스케 최민호 호메이 cand 가타부타 더듬더듬 시사닷컴 Mining ##농협 ##홍사 걸개 농과 능자 등소 망연 무굴 베코 수타 역치 음행 정외 지계 하커 ##바이스 FRN 군대식 덱스트 라리오 류이치 말잔치 모셔서 용접부 유승우 조영철 추려내 칼데아 ##운동장역 ##ators 1669 다뤄진다 돌아와요 옵션거래 카르자이 캔터베리 ##aptive Ghost girls butter 종합운동장역 Platinum Petroleum Assessment ##넥트 ##이고 ##uno 관양 굴렁 라발 찬류 허석 어중이 와그너 이은영 Cant 지속가능 Merck 롬바르디아 protein ##노갑 ##HCR ᄊᄂ 남잘 놨었 인유 지덕 진례 해식 후과 MAG 경계현 곽태휘 권노갑 시즈쿠 패블릿 2051 9550 옮겼으나 ##edding Books Turbo 건대입구역 ##lectual 이원집정부제 콘트라베이스 ##신다 균류 밑지 엘다 예신 천칭 타정 포마 ##추부사 ##ungs Tow ism 김조원 덧바르 뭉쳐진 아가페 육이오 커민스 코요태 Vita rcep 거립니다 놀이동산 성스러운 ##행상 까정 단함 대송 삼목 PBA 우주국 유량계 퇴적층 화서역 3230 ##주스 ##텔리 jd 뽀삐 야치 율량 줄루 중완 ##ined SOP 권오석 김원효 뒤쳐질 디오피 레기네 샤피로 아토스 양승호 이창섭 최광호 강해져야 지극정성 호크아이 Johann Beijing exposure ##널티 ##윤정 국령 실밥 켈레 허례 ##네소스 ##rete SOx 당선권 레시틴 물러갔 반소매 번역판 오르세 오스람 최경영 팔당댐 내선일체 브라우닝 세워진다 타란티노 Output ##제인 Tl 계조 바아 잉원 징크 출로 케로 판각 AGB CCR 니에미 삼가해 세이빙 어깨띠 이신형 전기분 펠로폰 ##wheel 카다시안 yunew 084990 펠로폰네소스 ##강목 ##팩처 껌뻑 발지 방림 브랑 사론 소발 천유 캐도 핸콕 협객 호경 고압선 굴렁쇠 김홍국 맥널티 문화동 재출마 조계현 조타수 키넥트 토에이 ight 다룹니다 매뉴팩처 보낸다면 천지창조 ##녹색 곽경 무튼 애쓸 홍게 KLA LPe 김용우 다자이 미금역 분해능 아닐세 알렉상 오태동 파산법 논공행상 챙겨야지 페넬로페 플로레스 해방전선 plate region ##민철 계법 교태 기태 냉채 번작 우겼 철선 침산 ##umin spl 맞소송 상륙함 이충재 챔피온 충선왕 Item 경악스럽 끌려다닐 리트리버 메타분석 몬스터즈 바스티유 스파르탄 third 나무젓가락 determ ##하지 ##rat 검신 니자 동소 별호 세호 오문 외재 윤년 화채 흐물 더구먼 덧씌우 마당발 오로나 제수씨 채정안 파울리 Instr Import ##노드 그달 반암 응사 철심 헥산 ##화질소 FEU SEP USN 고우석 구우면 김영숙 나이토 드렸었 비합법 스파링 안양역 이원종 철물점 테렌스 호타루 나불거려 메밀국수 Agile ##RST 금맥 독직 립추 사빈 예주 은아 전축 제집 천단 초한 코멘 TGF 눈썰미 모집책 봉선동 안소니 우렁차 최진호 머뭇거렸 이쪽저쪽 Prest 넘어갑니다 ##명인 ##won 내압 범블 상희 완창 행가 Ges 매만지 정진호 추리력 키조개 태안읍 테더링 ##olute Tail 브로슈어 엎질러진 간들 리향 오무 폴카 한곡 ##ifer DPA 김학규 돌핀스 라멜라 보인데 살려낼 설동호 아이싱 잠수교 정희수 프루트 합친다 화석화 게오르그 기명날인 되돌아와 제로베이스 Arthur tapering ##부처 ##전야 ᄋᄆ 굿맨 랭커 약청 엉금 자총 탄트 호펜 SLP hmc 경기자 도우려 애니카 윤원형 이정화 6633 Meet 국가하천 민속자료 14000 Allen GREEN 128940 ##aluation ##EED ##imi ##you 감후 당항 변고 상완 솔숲 융해 준오 포목 하문 ##르트헤 상무대 엇갈림 탄소성 푸치노 합쳐졌 ##lands 1486 fx 례단 마경 여김 황군 ##atar CIM Fis TMC 꼬깔콘 박상돈 박석현 사고자 전자석 최동수 카바나 카와이 ##리아누스 3440 너털웃음 자동소총 파티시에 헤어져야 About ##onomous 제일저축은행 ##cht 남역 발흥 선판 순절 씨아 윤현 전거 짓누 콘월 ##아이피 ##ando 고사하 나가토 소년범 싱글즈 체험담 최하층 플뢰레 2710 KIET 공동소송 선조실록 generation ##미연 ##춘추 갑골 역부 염문 원다 잘근 최부 충수 피언 PEA 거느렸 과채류 김혜정 농구공 도시인 범블비 엇나가 토리코 홍명희 1462 1738 AUTO linc 마스터링 자애로운 태평천국 Cooper hummingbird ##ras Ve 나승 대루 마속 백안 옥진 창선 후처 SRE 로레타 송석준 이수역 이태영 하미드 해질까 화형식 1529 1579 2626 글로불린 Rapid 068760 Release 와장 후관 ##비빔밥 TTI 김새론 김진석 끝내기 덥수룩 되돌린 마유미 사마소 상태기 송기섭 아메드 윤석영 정보전 정중동 호스니 흐느낌 흩뿌리 1746 Sund 새우튀김 해줘야지 바라봅니다 between 고박 병부 보엠 순덕 오져 ##테리어 DVI SHE pri 공보실 굿리치 방위대 샤리프 서동욱 얼룩져 예쁘장 의붓딸 저가주 2860 페데리코 Guang Kingdom ##관측 ##160 fo 보학 보혜 분서 비더 세업 이처 잔지 ##hang ##lich dhc 곽상욱 김민준 전지훈 내려받기 더러워진 까다로워졌 ##oonsoon 니슨 정필 커보 구조선 김건우 다년생 이제이 카이사 캐슬린 Stad 무한궤도 발가벗겨 아랍연맹 komoonsoon ##rys xm 개임 광휘 구담 다연 불라 소목 중어 파력 페나 환일 ##list EPO 그레타 꺼진다 노역장 메타세 무반주 미결수 미공군 역겨울 정유진 키에르 타츠미 대관령면 자천타천 푸르스름 다문화교육 메타세쿼이아 ##까지 ##바타 교할 김점 데굴 종달 최욱 케시 ##apot FRA 구겨지 김준일 김태성 도박사 떨려서 법제화 산송장 약장수 이회영 전용구 착수금 후암동 ##fresh APEX Crow iaea 강해져서 계신다는 중상주의 Address ##사슴 냉천 대봐 아헨 윤강 장족 존부 채련 활인 ##otel BID 사가라 사순절 여불위 우편함 이사오 올웨이즈 쿵푸팬더 흘러들어 ident 구이저우성 ##JS ##옥조 ##raz 강부 광지 국희 던롭 들길 비목 승아 외방 제놈 케렌 폴짝 gwh 김민호 미카도 사라왁 송인권 이말년 이지함 이혜경 점착제 후두부 ##iform ##omics 8850 inch 건너다보 팔작지붕 화젯거리 크라카타우 ##티마 강독 강혁 길일 마칸 박닌 사혜 산리 자프 판옥 형틀 IBD ppb 김영익 니시오 돈다고 장지원 금과옥조 스프링필드 Plasma plural ##야키 ##척간 ##pet 나남 삼공 송순 지글 진맥 피즈 jdc sor 돈다는 박용오 안내인 양가죽 유프라 준단다 지긋이 창작극 황금동 ##단체연합 eMMC 당한다면 드림하이 바꾼다면 유프라테스 무정부주의자 Biotech 한국여성단체연합 ##벌식 ##어둑 갑호 고놈 맥거 범띠 유중 전로 LCO UFG ans 김종진 두들겼 배틀넷 세정액 조정훈 MOOC 에미리트 hgryu 일부다처제 Database ##As ##목욕 경교 내당 두호 뒷간 병소 위양 윤민 풍악 WAY 귀여웠 김기창 마곡사 앞트임 ##어업협정 1484 3130 지그문트 Arena Senior marketing ##OH 셸리 소묘 암캐 척탄 한홍 ##oper lkh 경제관 김형근 보낼지 의학부 이라두 이수혁 이희준 인사위 대림건설 Ultimate transfer ##소주 JH ᄐᄏ 공각 담시 비라 색맹 옹알 지련 ##목욕탕 ##척간두 기소장 김소월 내몰려 부등식 상춘객 연애담 이진숙 재수출 조댕이 캐소드 9510 DICC 백척간두 브이아이피 한일어업협정 사우스캐롤라이나주 ##만마 ##벌나 ##통역 릭터 모해 빨빨 월기 휘휘 ##달물질 Haw MAT 김대성 메일링 빌립보 연소실 윤곽선 체약국 한지민 한풀이 헬레네 현대미 막스마라 사라질지 앵커리지 육영재단 Pilot 그랜드캐년 letter 신경전달물질 ##igm 과량 드노 막료 연군 요단 차승 ##4870 ##alty END 말대꾸 유아복 지은희 하현우 허벌나 아이디얼 지닌다는 톱클래스 Seven ##송달 ##에크 ##iac Au 꼬물 는냥 매맞 용권 즌은 천간 ##카스텐 디아나 스테린 이종환 커플러 9002 국카스텐 코르시카 호두과자 안달루시아 오클라호마주 리밋 모전 사누 에테 요제 장예 제뉴 집하 ##부쿠로 BSD 늘려줄 박인숙 사이킥 섬유증 웃겨요 재배법 홈에버 3760 복구공사 청문특위 현실주의자 dynamic Category ##드니 겐가 고료 나보 노측 대빵 떨군 영모 장곡 카코 토폴 통타 ##바야시 김정규 노리스 다뤄진 미어지 보관료 헤드윅 ##ische Vari 안토니우 영국항공 요코스카 카브레라 팔려나간 부지불식간 ##BAL 류덕 샌다 선팔 시관 열독 춤출 허만 ##스카이 LAH Rud SJM pvc 격동기 구로역 구본영 김수근 메디신 모험담 저러쿵 조제프 초자아 현세대 EVER 이바노프 피에트로 Stephen ##꼬지 ##렐리 ##마귀 ##톨라 ##하오 VB 나붙 남보 둔전 램스 로셀 실구 우황 조왕 청북 추청 항사 TOK 강장제 나인데 드림스 리아나 망쳐놨 부산권 비정질 연락선 이경주 이니텍 잼버리 텀블벅 후삼국 IASB 식품명인 어둑어둑 사라졌으며 Nasdaq Ay eS 남풍 론다 명징 반선 병주 블렛 삼탄 원보 유쿠 차경 촌부 VHS VOL 김홍집 자수정 진접읍 2970 위내시경 이성질체 주둥이질 포츠머스 한탕주의 ##chemical Ministry ##쇼프 ##TEN 대준 속명 임충 터서 한담 ##다이징 ##sole 굶주려 김지윤 온배수 용문산 이준영 고마워서 나르시스 불리운다 이뤘으나 천군만마 크로마토 크루아상 KIOST 머천다이징 Condition ##TG ##번쩍 됫다 라하 선연 임홍 합목 TSI 가마터 견뎌낸 대곡역 대구분 이주일 최성원 ##eness ##plate 3280 나무토막 인디아나 푸아그라 일으킵니다 ##nership Course Default ey 개펄 그렀 깝떨 류수 벅찼 법고 쌍성 앙천 약동 이친 SPY 끽해야 닥칠지 도개공 도심부 들으셨 마식령 백록담 부룬디 ##ometer Editor French 귀동 꿀밤 마영 아장 얼론 하뉴 혜당 홍무 김성배 꼬꼬면 조준기 트리고 ##estra 1706 3220 7550 CORE STEM 소이치로 ##ainment Leading ##AI 겸양 라잉 묘법 서군 어월 을유 인개 ##립니까 HTL ᄎᄎᄎ 근막염 남동진 노고단 딱까리 미관상 선댄스 성심껏 송광민 스네이 3140 come 갸웃거렸 롬바르드 멕시코인 asset 조선일보사 ##공수 건안 덕흥 도력 뤼미 서효 쓰린 앞문 쿠프 TOC cmo 김대희 김용국 나잇값 백일홍 서승환 조양동 한현희 흘러야 그랬으니 동시통역 뤼미에르 메티오닌 사마라스 옮긴다는 인포시스 ##르트헤이트 accord 아파르트헤이트 객잔 공후 만력 산일 하티 혜빈 JBJ NIS ihs 덧씌워 유니텔 재수감 핫토리 ##사거리역 1353 3772 5040 6934 예카테리나 spirit ##오현 럼버 방차 산돌 찌아 큰불 SPH 강길부 고창석 김인수 놀아날 동지애 디너쇼 만하임 신지요 STER 다트머스 surprise ##노도 괘불 막일 명마 석교 신추 윗옷 이극 ##Link 강기윤 공동구 버펄로 손난로 송명섭 이은희 커터칼 2091 제노니아 흑두루미 Input 에틸렌글리콜 ##텔로 ##fta 둬도 ##TURE AEB NPR 재분류 재천명 정형석 크립톤 하디드 경복궁역 멀티채널 베버리지 Token Promotion 노턴 눌렸 단것 두식 초화 희종 BBT mut 김정원 벨라스 보조개 슐라이 안마당 파르페 1278 오토데스크 computer ##여도 ##map 넬라 문숙 미송 송아 원철 크란 파계 Kor REV STP Sad hed 블론드 오가타 윤정수 황토색 0300 는다니까 FOCUS Trump Reform ##택상 격실 관재 난주 발락 오똑 으악 제면 현병 휴거 ##리오카 ##ided TTL 구들장 동명동 똥걸레 마쓰이 마츄어 무국적 문창용 쉬워진 스터스 아황산 죄악시 지부티 JSON 그린필드 맞아들이 헤서웨이 Nissan Sinopec ##일홍 돌판 샤키 숙신 인판 자법 쥐색 축시 타제 ##클로저 ##untu AVN Nom VDC 김기준 박해미 선도주 페일린 후미진 ##병원협회 1387 간경변증 나눕니다 식민지화 아랫입술 즉결심판 코카서스 ##인플레이션 대한병원협회 Financing ##삐룬 로머 무송 뭉처 함북 해한 홍예 FAB kin 기증품 소병훈 숙인다 씨종자 직업관 진갑용 1487 Fear ISIL NBER 메탈리카 살아생전 연예뉴스 청부업자 ##pening LIBOR 군선 그면 부점 부테 현희 ##렌스탐 ##ilar ##irty CXO 공진화 동탄면 비트윈 태부족 폭력성 한서희 요코야마 사대주의자 알렉상드르 ##MT ##롭스 ##초문 ##iat 교범 보빈 예쁠 휴재 MSX Tol 빈정대 샤오펑 싸고도 아르토 오비탈 이남수 이택수 제빙기 트라움 Hart YNCC 금시초문 떨쳐버릴 ##String KOLAS STEAM Oxford ##JA ##르드 불그 서각 영릉 원풍 탕자 핚다 휴이 흐음 ##슬라브 금융망 김동한 별내역 전도도 질리언 타마키 표현식 2870 소렌스탐 ##스토리우스 ##LLA ##kki 비락 뻐기 율령 종내 준재 통체 투창 ##heon ##quit 가락국 가벼울 김경두 니이다 대주제 박완규 싸이언 애독자 영업인 영웅시 운양동 이덕무 Disk IAAF July TCFD 마요르카 찢어진다 trend ##건데 ##눈이 ##무식 ##푸라 문둥 색스 선저 윤휴 을과 지충 ##드시트 Lot ten 김상식 김인숙 김태수 드셔야 바닥날 부자간 세레소 앨버타 윤희석 이규보 이성웅 파크텔 Ryan Sent 스프레드시트 ##야드 ##준화 국창 궁인 Got USP mad 꾸려야 니미럴 마산역 변양호 블링크 비화학 사나에 아낀다 위령탑 이현동 페이도 휴머니 4270 024110 dv 군속 날름 냉열 류난 무타 부건 산객 세재 쇼고 애첩 월든 월주 차탄 천벌 코펠 한천 ##사와라 남중부 다결정 로워서 리액터 모모코 보냈었 북극권 프랭키 가린다고 기성회비 시켰어야 예장통합 000830 Miguel spring 동검 라에 린리 선계 영봉 오필 월회 토글 흉폭 PLM 강원일 김삼환 박문수 소리나 신도비 올까봐 이바구 크로즈 홍국영 9988 ATSC ##acitor 오가사와라 ##부당 QU wb 격지 경면 구림 매품 부윤 어름 특용 강호갑 대흥사 모여사 볼께요 식염수 아니마 운반차 조찬회 키쿠치 피말리 해방구 Says drug 베아트리 solid reality Detection ##uco 꽃대 노세 대발 백청 시엠 연진 임춘 천화 커낼 팔마 ##크루프 ##3220 Vit 강수지 금자동 김대영 김원준 디나르 불신자 비커스 융프라 이찬우 치토세 칠푼이 케이슨 3720 Cruz INNO NTSB 쁘라삐룬 사라예보 Swift 티센크루프 UNCTAD ##주크 HX 디게 민본 브룸 연홍 요다 잉꼬 하늬 감정인 넥스텔 박수영 사리원 시켜줌 약리학 이윤희 특발성 해먼드 3170 친목도모 프리머스 Guest Monitoring ##기리 ##살뜰 ##eve 과달 그웬 낫토 약실 장쾌 저먼 청목 ##2500 CUP Lad 가스트 공법상 구매제 국제간 대장성 루체른 리미터 박근희 배양육 3110 8090 고생물학 그레이시 급작스런 매달린다 오두막집 이팝나무 크레이터 어울립니다 Before Motors 문판 솔가 수파 중곡 지앙 촌평 커런 태즈 MEA Moz obs 강부자 꼬리뼈 문장가 비켜서 올수록 울티마 유정준 강할수록 남겼으며 바이바이 알뜰살뜰 하이에크 Eurostoxx ##어보 ##저찌 계족 비침 잉락 카치 태몽 ##일보사 DPP nia 고독감 보길도 이봉창 펩티드 후지오 ##ennis 공시송달 주의의무 하릴없이 PRIME 와이오밍주 Session ##실라 레흐 머릴 문미 본죄 빠삭 서갑 언해 옵시 큰길 핵소 셧아웃 애태우 일리스 임병철 정찰병 키아라 1691 매겨진다 어찌저찌 cells 일으킨다고 페이스트리 motion Cyclical 개였 관주 동패 라반 바토 벽파 읍지 탁조 팬다 ##오라기 ##퍼스키 Gig UPI 가쓰라 비피도 심시티 이규철 자이툰 창호지 척추염 ##자산운용 협조융자 호메이니 아우구스트 fashion connected ##칼린 ##ORK ᄎᄏ 갤리 교종 국우 군계 딧냐 어파 왕망 ##베르네 Fat Kam 동성혼 들어찼 등줄기 복무자 서유리 알자스 엉겅퀴 이네스 이일형 쫒겨난 합성수 Kind 가가호호 라플라스 카스퍼스키 부드러우면서도 Federation investment 구근 대근 색은 유루 차타 툴킷 ##atre FSN 김대엽 깔때기 실재성 윈터스 이버스 쫓아왔 태프트 ##ively ##works mina 들린다고 ##랑가 ##양장 길벗 동세 배객 오링 평해 가스터 메신져 솔라나 신통력 오다이 오모리 이항구 임관식 장욱진 정형근 조여오 ##수도병원 야마나시 일어선다 팔레르모 26000 가르친다고 조광페인트 041510 국군수도병원 approach Cooperation ##망덕 간달 견법 성노 언술 찬방 ##anny 걸어간 김대명 꼬드겨 레이업 문둥병 백석동 이리야 이중호 가슴앓이 final panel parad 000810 ##발랄 ##타당 깨운 바침 심제 원감 월천 전폐 철호 치전 sel 모테기 보석함 서현역 탈수소 ##으면서도 ##ipper GSCI NIPA most 달아난다 시킬려는 쓰러뜨린다 ##못미 곡산 광목 라텍 박길 슈카 장홍 쩐의 찰흙 호마 휴로 도예가 독지가 로마노 상북면 수련자 스피라 충혼탑 2255 노코멘트 다더군요 마르케스 번쩍번쩍 융프라우 Grant Swing 스마트미디어 ##염식 ##환영 계교 벨린 설성 종치 준준 천병 취입 케모 훼이 elb 가져본 긴장도 디브이 레오니 입력단 창작품 채워준다 ##원경 ##핏줄 Hg 감위 바슈 KBI 남원읍 밀키스 싸워왔 아라타 외딴섬 외로이 입욕제 펼칠지 폴리펩 ##esign DOHC milk 유니섹스 플랜테이션 Hidden ##EAK 거악 과불 받혀 별화 송문 죽마 ##절도사 ##ibro ATA Lud opp 김정운 마지기 바르다 백유진 억수로 으리니 이목희 장미원 지못미 학여울 허윤경 Bart 생기발랄 오노데라 주정뱅이 Catch chang never Barrel ##낭콩 ##분수 ##춘잉 료타 부요 성열 소갈 승조 아찌 홀름 KKK MEN 김진홍 동일체 리로다 면류관 박미경 박상원 아르케 옥천읍 왜가리 절대값 켄드릭 파쇄기 하니스 한우리 ##oding Dash Subs dual 보편타당 어릴수록 ##주쿠 ##탱자 ##LLE 구화 날숨 둥관 빼든 소손 옥체 중분 ##티튜드 관측자 넓혀서 덤터기 방사상 소방사 수사자 아르누 알려줌 인터벌 정철진 Hung 성호르몬 012450 ##골계 ##버치 ##조프 ##oIP ᅲᅳ 갈단 곡사 돌방 력학 연충 달아보 레이먼 루미나 맛보기 박성광 방인권 불어와 비로자 산타나 송경호 조동철 조철희 페트리 Ferr cert 거린다고 볼카운트 옮겨진다 UNHCR ##북적 ##전람 끄리 오그 음차 ##5620 ##ivot CSN HUB 건설부 광업소 답변자 앤티가 에오스 와이번 으라니 쭉정이 1726 디베이트 Label 이러저러한 Reader concept processing ##민족 깐족 단내 모압 무쳐 방단 소왕 예담 이욱 항응 PRE cer 김경애 나올라 노벨라 누설죄 루센티 박상혁 온천지 이명호 잠재워 탁트인 3580 LiBS 사카가미 질풍노도 ##ffe 뤼스 모법 버기 선태 송우 악양 의화 ##자카파 견뎌냈 기자상 김원석 노희경 대의제 로리타 매니악 섬겨야 스러져 예사로 정서법 초량동 편도선 하안동 현재현 2105 3780 WEST 올레뮤직 ##intech 어반자카파 Always edition ##감기 ##지반 ##abi ZX 류태 목이 브룬 주평 회음 ##umab 가해서 돌려쓰 려무나 신장병 틀려먹 페리오 험상궂 1473 Eyes 다닌다면 반가워하 배은망덕 불로불사 삐뚤어져 사람대접 오다이바 요시노리 최소한도 Temple ##갓길 ##BOL 련합 무쌍 버노 비커 사환 설제 섬긴 술맛 양법 저으 종통 턱턱 페에 루드비 사시도 상표명 소도구 이재록 조양래 지랄같 지운다 퐁피두 8640 NLCS naun vent 나을지도 아침마당 에스메랄 토리버치 위안스카이 ##azi 가피 고회 누크 반집 불세 삼권 여식 조에 천로 춤춘 티케 플랙 화문 ##블랑카 각설이 귀갓길 둘러쳐 방송실 씨트리 온천장 월나라 조향사 총본산 태아기 표면적 합성물 1329 약용식물 Lewis 프레스데이 001040 010060 담배인삼공사 Conviction ##enh Dj gn 국대 명촌 슈펙 이난 정담 할양 혜숙 ##시장역 강일원 공표죄 김대웅 김동석 빙긋이 상대측 월러스 파라디 ##발전재단 2930 Surg 넘어져도 부끄러우 브루크너 되돌아온다 살펴봅니다 휴머니스트 노사발전재단 ##alo 금란 살충 에렌 원준 인봉 쿠란 휴경 나이저 남상미 라구나 생일상 이한동 치와와 활자본 고미술품 글루타민 러시아워 만달레이 북적북적 ##보텍 ##제로 ##진트 나견 므파 반골 승식 아쓰 오강 준코 지곡 출차 카퍼 편감 갈려는 강남훈 경인로 뉴보텍 라지오 버거울 버텨서 보문산 본토인 부족액 신동수 실핏줄 에블린 왕세손 줄래요 화산섬 ##abeth ##where Barb ever 뛰쳐나온 버벌진트 위기탈출 Harry 스테이플스 000880 Convergence ##백숙 ##세션 당성 백준 송미 엄령 주격 ADX opm rig zte 김남수 댄다는 새하얗 신윤복 아릴기 우정국 웃긴데 이재석 존스턴 1489 KCGS dead 타케우치 탱자탱자 파르테논 팔렸으며 아오모리현 ##미역 ##복스 기란 뤼순 무취 발착 분후 엉킨 차자 EBA TSA 김효석 놓아둔 박세환 일용품 짧아져 CODE Cube 올림머리 Truck Attack 아크로폴리스 ##소울 ##ogo 몬타 종암 차구 파소 피마 학협 건너와 나카타 박규수 박상천 사용인 스물세 유신회 이민희 임수향 3490 SMBC tele 특수건설 Drink Marie 하이페리온 ##코늄 도반 맹형 산관 월아 위당 주향 ROC fem 강낭콩 강지영 그쳐야 므파탈 배양기 상대론 직관력 진수희 카라치 태평동 홍철호 후려쳤 2135 Wang 비평준화 연강재단 응용과학 치맛자락 폭풍전야 들여다보이 Drillship character ##어앉 국치 금슬 동회 맹방 머디 무세 부폰 연판 조파 휘돌 ##다꺼리 snl 나쁜가 막달라 설계서 체중계 2535 Dear Hair 요시무라 저질러진 초전도체 phone 걱정하지마 byjeon 녹녹 만차 민부 상스 소판 염제 투피 험기 odm 거리가 선동렬 셀틱스 옵소서 이영구 이재승 작명소 지지난 탈놀이 표도르 나지막이 연약지반 ##먹기 ##can 기토 석경 호엔 황련 ##시오스 mSv mas 류타로 므니다 벌려서 보름날 스매싱 외갓집 정승환 최대호 피터팬 한채영 0527 2830 3270 shot 딱따구리 마이피플 베스타스 Pixel there 마스터클래스 momentum ##피코 ##PIA ##kit 단동 맹약 발이 배덕 복비 여그 오준 체식 태문 패지 하조 ##alia emp 경순왕 교토부 김영오 도라산 뒤따른 디렉트 모닝구 요라고 이미연 이진희 지참금 카일리 환상향 096530 ##yg ##농균 거고 목검 비각 신휴 인노 고성희 김종태 녹농균 대실패 도승지 모범수 모사드 열전달 용준형 의로움 이정신 조동찬 중국적 ##eeper grad Therapy 난봉 식보 압해 죄면 지야 짱박 키메 핑키 ##isse LPi 기우뚱 까르르 마사시 소서노 아만도 이뇨제 주디스 Past Rick 인문주의 카베르네 파가니니 플라스미드 ##hev 구긴 덜할 델러 솔러 시법 애벌 호롱 ##스타운 강소라 기성품 김상욱 박민규 방어망 서영남 약제학 윈스톰 티레이 피오레 흐느껴 어릿광대 테크니카 호리호리 ##imedia ready Structure 놈의 맥밀 미작 상외 양약 염이 케파 쿨리 탕약 MMC 내걸렸 새끼줄 신동준 안내상 오하라 이윤우 저승길 풍무동 프리깃 Near 치우쳐서 코레일유통 리릭 백철 북반 술김 양막 엠디 짤짤 할듯 ##차이나 ##rill ATL EDS ROS 김희재 꿇어앉 맞춰라 미래학 배고플 보병대 복학생 실습장 자유경 누르하치 돌아올지 해친다는 노중 단경 땀띠 시운 이좌 젠타 주토 찬희 감상자 권민경 류시원 무령왕 보국대 소금기 안용복 알렉시 종노릇 추사랑 풀오버 하류층 황승택 2085 4030 7950 COOL Grab draw 육두문자 이뤄지다 Ident ##곡선 ##코다 충천 평문 홀쭉 ##의료원 BAU 강성태 내던진 류성걸 박경미 비로봉 쓰쿠다 아버진 유경준 으나마 이주형 ##idend 9450 다카마쓰 ##vernote ##딧물 ##300 무청 앙시 페의 허식 adt 계수기 다길래 박승덕 선다면 수줍어 엎어져 이리듐 조원희 쥬니어 차이퉁 Dial sdhd 굽실거리 미적지근 콜로이드 river 머물렀으며 ##iveness ##비결 구희 긴토 레와 손태 가필드 관제소 남희석 답시고 레위기 로우신 바이닐 분업화 우드로 이민재 지대지 코프라 덱스트린 라미레즈 UNICE sheet sdhdream ##발행 ##토바 가극 도촌 땀시 민승 용골 위무 캐슈 행력 후경 Btv Wis 굽신대 난거지 영업지 전치사 Proc 원더러스 막시밀리안 Indicator ##나인 ##모수 ##음부 ##트마 ##imm NN XZ 아여 점법 통구 형관 CLC TNG scm 계신가 김강우 김종열 살판났 얼음판 열릴지 그럴지도 무너져야 아이스바 지켜준다 보여준다며 WordPress 와리 행교 호음 PID 겹쳐진 노대래 등신짓 명배우 묵사발 양산박 적응도 스패로우 총사령부 흔들흔들 ##holder Moodys ##iw ##슈티 ##전대 ##토무 ##mos 감돈 개변 두자 반숙 시교 알집 자설 하판 희노 ##거부권 ##티우스 kps 강도질 강은희 견습생 고가차 고재호 김재록 대여자 맘모스 브라흐 순시선 오초아 유시진 한신정 변한다고 사관생도 희노애락 나가사키현 October ##툴루 ##OLF 가샤 가저 가후 아앙 액제 연직 왕손 잔영 장익 정추 테아 형자 ##MENT Eas IPX LKA git 김상민 김혜선 대공국 벨리즈 불순종 이관해 조국기 주선인 크툴루 한살림 회전체 Bomb KETI Mars 과대광고 보디빌더 치안정감 플러스알파 contact Mercedes ##쫀득 규방 내적 볼가 양매 외편 이센 탱화 RNG arr 각질층 강동진 몰려갔 빠른데 손열음 손호영 아사노 이세연 전화통 지으신 타이푼 하강기 3730 공작부인 보르네오 ##럽트 ##심사 ##헨지 구갈 셀타 우서 정로 제혁 직과 진유 쳐요 팔공 ##계약자 ##한다면 Ave GPL 눈싸움 바뀐지 박경림 불구자 싸움닭 여신도 우겨서 재단사 카미야 훌리오 ##arant 대추나무 iBook Shared ##버핏 ##amo 미옥 봉침 외해 큰가 Hem 고생대 대평동 독서가 레기나 맞춰온 부시리 서인천 신흥사 야생마 에스텔 이수호 임대용 줄까봐 급진주의 돌무더기 스러운지 시간제한 주계약자 홍길동전 112040 Cambridge 간인 군입 귀부 금심 니브 빼꼼 소엽 어김 좌관 중봉 체간 ##ults Ker Lun 김대우 김의성 김재형 박종복 이민기 조현식 카리나 화양동 국민의례 다진다는 살립시다 Kevin ##걸상 ##춘화 ##팅엄 ##해요 라쎄 로튼 블랭 숭늉 일녀 조음 즈이 BMT MPI Whe 개장수 계셔야 고열로 김대진 대용품 부학장 수호이 승인서 연탄불 일사량 지노위 최원준 2101 3680 Alan gain mlcc 지으려는 풀하우스 베아트리체 Currency jy 이배 입촌 장음 재훈 척지 춤판 터니 팔짝 패각 휘영 jey 광물질 문용린 박현빈 사라이 아니오 어떠셨 와이스 재해자 PACS 냉소주의 스톤헨지 알고리듬 years working ##MIX 관고 금진 데버 망전 요물 인타 좌당 톈궁 흘겨 ##발전기 산곡동 염수정 이용법 장병규 해시계 4096 Holy 세포독성 워렌버핏 ##120 ##RSA 곧추 교잡 구배 근관 디파 령사 산제 영판 정린 허원 현초 ##iers ##real STC 경외감 국고금 김춘진 로렌초 멜란지 박영규 소순환 염동열 예초기 의인화 이현이 최연성 해리엇 Norm 이스마엘 베이비복스 ##별곡 류영 에여 일독 캔두 피진 ##LAND 구부린 김민영 늦춘다 발열량 애노드 엔리코 윤희숙 줄리엔 초당파 패션왕 0119 FOOD Lane 한다면은 흩어져서 goods 도마뱀붙이 일본원숭이 education Ja ᅳ대 분동 occ 경서동 내려선 마크업 벨루가 소로우 소스케 오방색 유인태 제브라 2715 Drag 대책특위 레오폴드 주전부리 페이로드 Jiang 스토리보드 카사블랑카 Nguyen captive ##권총 ##미동 ##법사 ##aks 경당 고둥 김초 다주 보홀 소카 아행 위회 의창 족쳐 헤파 후하 흘끗 AHC mic 갈라짐 김용택 뛴다는 부친다 불로초 뻔질나 스텝업 쌍권총 쯔쯔쯔 판옥선 2218 YOLO pink 준준결승 쫀득쫀득 비상발전기 SYSTEM Bitcoin condition Blockchain ##ᄐᄎ ##모늄 ##심부 ##앤원 계자 발만 상물 지살 축종 픽토 훈센 SPR VTS 김경란 김한정 메디텍 박세복 복마전 브이넥 원앤원 이나리 이용률 잔혹성 적어진 정연우 판무관 홈패션 ##maker 물질문명 미츠루기 피고용인 뜯어고쳐야 이미테이션 Volatility ##UG ##붙일 맥이 절가 측삭 학전 ##lude Ral bon 노타이 이해욱 창건일 Buck Surv 뿜어낸다 일사부재 카라카스 칼리스토 include ##니케 ##조국 기븐 날기 띵동 막전 사근 살치 영걸 침향 한송 Koh 군소리 김진만 나진항 눈물짓 다점포 듭니까 똑딱이 미카사 비춰졌 사사구 산동네 쌀쌀맞 이석문 이창환 장작불 짙푸른 2062 3390 Brad LEED 경국대전 떨어져요 프루덴셜 항공사진 YOURS 고마워해야 울랄라세션 Another ##다람 ##MIN 거적 고룡 레제 로웰 미레 밤바 비세 옥룡 저동 ##다람쥐 ##odge 구산동 보람찬 사공일 삼둥이 시정책 실어증 장진호 정의윤 천호선 무당벌레 일어났었 타지마할 ##ighter Friedrich ##이냐 ##yne YP 맨슨 뭐시 벤토 셀즈 신환 종려 친우 ##베르그 ##ared 기준층 동작동 분장실 수세식 식인종 신춘호 자베르 진구지 질텐데 푼다는 플레처 2088 Chen Pain diff 경인방송 알라바마 살아갑니다 하바롭스크 Corian ##바치 난바 석준 온거 정분 토번 핵사 ##이라고 TAS 도살자 라이시 싫어할 아케치 의사자 이선영 이제마 자폐아 조림지 챙겨온 퍼마시 할는지 1496 펼쳐질지 13000 Speech Walter Paradise ##lu ##메시 교식 맥파 맹폭 새재 색온 운당 잡귀 허여 GIB 녹번동 된다던 딸자식 몽테뉴 선용품 수송비 수신인 이병태 주은래 흐려졌 MOON 가다랑어 기뻐한다 벌어져서 시집살이 이뤄졌으면 Perform ##큐스 ##Box 다룸 디종 속빈 시망 잔루 집총 풍금 피이 ##iton ##pton Arr 백건우 보고타 십장생 유리관 종교관 피제이 산들바람 ##struct 내려갈수록 노스다코타 라이브도어 일부일처제 Applied Segment Complete electric software Automatic 배꽃 시산 약골 척식 ##잠자리 고덕역 그려볼 꾀해야 로보캅 미노스 채시라 태워야 하이포 학구열 WIND 주먹다짐 Volvo 이케부쿠로 ##Mo ##gor 굳센 꿈결 된대 민상 버사 샌델 조령 참존 치나 형통 ##동맥류 DIN tft 방통대 병점역 비케이 양지환 양피지 책걸상 천신일 청경채 뇌동맥류 진수성찬 Independent ##앵란 ##don 국파 길경 까망 로렐 바칼 성치 숙어 아당 언도 역광 요고 요루 치력 김성회 다라니 도금액 드높였 록스타 아카바 엄앵란 엔투스 오골계 2910 KSLV 메디케이드 엘리트주의 ##idential ##저분 ##캐넌 ##쿠션 갈테 김록 라츠 바단 신녀 와봐 입제 제레 캐처 퀴퀴 ##2420 복음화 뷰캐넌 소쇄원 신데요 신뢰성 엄현경 연보라 오산천 와일리 유광열 정남진 천황제 ##버지니아 ##chant ##eland 8050 가리봉동 노린다면 미드타운 아랑전설 시네마테크 meeting 웨스트버지니아 mobility ##iza 감척 뒷공 모구 스탕 최의 토루 휴폐 ##위스키 AIP 아낙네 약혼식 임지훈 잔류물 짧아졌 칠갑산 ##illus AACR 잔여기간 ##estyle Synth ##eva 사판 이콜 포쉬 하폭 헨젤 ##bers AMR Apt cho 구창모 김수용 박재영 박하선 조각난 조혜련 카우치 푸아로 항균성 ##opher 3310 Bour 도드라져 미끄러진 인터럽트 HTTPS UNICEF Excellent ##나드 ##얼굴 김개 다형 반조 튀길 MRA Nak 개봉동 김용관 깡마른 돈화문 박신영 반야월 웨이즈 유달산 정현욱 치즈루 한국영 끼친다고 움직일지 홍수조절 격타 극항 만스 뿌까 순기 심약 어청 오적 완역 지쿠 혈마 ##olin 김학동 꽃제비 담뱃잎 서부극 셀러리 저염식 정태수 져간다 치조골 키드먼 테베스 same 나빠져서 테오도르 돋보인다는 ##맛살 ##심경 ##하부 선통 심주 씻김 이림 잔도 제체 중아 MEB 검거율 김윤희 머리끄 박지만 버블티 신임장 아라드 전창진 준예산 최문기 행정원 Wish 꼬치구이 노량진역 류노스케 준법정신 청산유수 페어팩스 서울도시철도공사 ##딩거 ##CDS ##roy 로화 바구 베사 이든 징한 청석 카울 허하 흘기 Bac Eur Tet 말고기 미노리 박진회 정현영 최성준 허진수 현시대 0073 돗토리현 뚫립니다 싸운다고 으리으리 휘두른다 Goods 가고시마현 디프테리아 ##zn ##신론 권강 논총 북원 잖게 ##odex 구강암 묵호항 양정동 전적지 ##esize 끝났으며 르윈스키 망가져서 이긴다면 가져간다는 왜냐하면은 living ##xi ##유망 ##lon DQ 거함 로쏘 머구 엄재 역하 음률 추의 토평 한얼 화현 SNA 겸한다 니카이 대출계 바이텐 신영균 신카이 쌀농사 저대로 지상고 천부경 최배근 플릭스 화상경 2408 Jord 극동방송 떠났으며 투스카니 ##풀에 나찰 남연 문풍 비랑 윈즈 잡학 좌심 증파 김영근 독립심 명절날 오시마 이광영 흑갈색 Harv 구파발역 나우누리 미쳤으나 설립등기 토정비결 January 한국가스안전공사 substrate Navigation ##특보 안미 어회 유열 중폭 창성 VTR ast 굳어질 선별기 실려갔 우체부 이유기 조카딸 쥐라기 지급시 티아고 파크스 Beam 인클로저 Economics Connectivity ##런너 Sr 동준 서량 수격 아국 우격 화첩 ##텔레콤 광한루 국제항 김용근 알리사 이영재 종오리 7680 SSAT 미쳤으며 시상하부 크리미아 통치행위 Monte 사직야구장 Assembly ##uto 랄리 루메 린시 마투 메레 앵앵 옛다 청전 퇴자 혼날 ##yang JFK lux 근위병 다달이 다를지 이동섭 주안동 주입기 천연두 ##itime ##organ AESA yout 갖춘다면 다녔으며 물려줘야 빼앗긴다 사사로이 사슴벌레 전도유망 폴리아미드 ##anguard beautiful ##빛나 ##잡잡 ##잿물 ##TOM Lg 닐리 멀정 문일 오셀 원표 임희 짐벌 ##섬유증 GOD IPL 결합력 박세영 불려서 산방산 이석연 장가가 정론지 2052 징기스칸 마찬가진데 급대 꿇리 노츠 누범 료법 입음 침사 터벅 합연 AHA 걷어찬 견제도 마이비 얼룩졌 이인임 조윤제 주기율 지석훈 치어스 한다냐 내려보낸 저공해차 perse plain 가져온다고 ##무십 ##orb 노익 다파 새론 생삼 은실 토달 하운 ##진스키 ##9620 백아연 북적대 양잿물 오동통 이다해 최대급 카르보 ##무십일홍 ##icken 4480 간다면서 똥강아지 오이카와 지레짐작 Mixed 로마네스크 각수 동삭 윤박 으마 지욱 표징 ##트다운 WTA 강바람 갤러거 구자균 불안전 성생활 시비르 옹고집 왕뚜껑 이수빈 이윤호 장윤석 재도입 제노스 좁혀져 진해수 천상계 ##iding DACA 그만둔다 동시대인 됐으므로 송수신기 천하통일 Germany Facility ##나긋 ##불쑥 ##지로 능란 르동 마벨 묵동 상토 새틀 소계 수내 우부 종헌 타부 향일 KSA 비탈면 사나워 심혜진 원탁회 정형식 조정호 죽전동 해롤드 0050 NCMA 돌아다보 번쩍거리 스키타이 국정조사특위 ##럼비 ##리노 ##조나 ##황제 uf 그슬 동송 모마 샹송 여치 져감 춰라 AAM Cad 가시노 구럼비 오라비 이규혁 이종문 정나라 ##photo 2056 give 다뤄져야 매달려야 지킵니다 파파이스 호쿠리쿠 라이온하트 신디케이션 ##plement 한국저축은행 ##ographic Upgrade ##니악 ##디노 극력 녹양 다셨 멍해 생고 열석 첨지 희뿌 김종천 깍듯이 농한기 라인강 세곡동 소단위 소화성 입시생 2263 2790 맞닥뜨릴 빈정거리 폐섬유증 벌어진다면 온세텔레콤 항공자위대 갱심 귀비 네댓 열간 타실 피칸 ##JECT ADI rdd sit 뭔데요 붙여져 수권법 정기고 클레인 트랙션 화딱지 ##ovish 기상특보 목포시장 무척추동물 Extended 게다 딴죽 러면 반노 파웰 BMC TPO 글루탐 길환영 남겨준 누렁이 보안대 부속물 산소통 선바위 쌉소리 유리아 재협의 조세연 통해선 헷갈렸 구축전차 tiger 스러워한다 화무십일홍 ##예드 개가 난금 딴다 말쑥 서러 아톤 얼쑤 입동 진병 진복 창우 홍현 ##위생사 게시리 매개자 범계역 숙여야 아틸라 진동판 홍창기 ##가을겨울 ##cover gall 구상나무 입신양명 키워야지 치과위생사 client Nuclear Evernote ##츄리 ##파릇 ##형석 개과 장각 좌변 편자 DEX EVE TRE 가스펠 가평읍 대청도 변정수 삼림욕 아델리 예언가 오미야 윤정희 제이비 현명관 나긋나긋 는다든가 니컬러스 마당놀이 앞당겨야 킹메이커 모래주머니 봄여름가을겨울 Dynamics ##닝요 ##erg ja 고암 교열 긴키 맥루 모액 불란 쁘레 삼학 설수 욱신 친친 폴폴 계산원 김진애 나사산 는대요 망쳐서 박시연 신시아 액션물 에미야 정자역 주재소 ##osure ##짤없 ##프링 감열 깔개 려욱 벌제 석물 주본 주색 최효 Kan lip 결산일 꼽사리 돌부처 베르겐 빌린다 앞모습 이진국 전광우 증기선 지구본 soon 안다면서 크래비스 파릇파릇 헤이워드 현가장치 Blade Thing 켄타우로스 Starbucks ##밀라 ##양도 광증 독음 돋워 부슬 사롱 사배 알제 양청 영겁 원령 인극 채선 탠덤 광양읍 다당류 물푸레 박상영 수급비 안지만 애슬론 얄짤없 이광철 후퇴로 hole 모입시다 오르내림 진술거부권 ##마키 ##와나 게걸 너나 등위 스텀 죄고 형준 ##볶음밥 DDS Viv 광고지 롤린스 박정진 백장미 부순다 서동일 손정우 시몬느 이오티 창립식 콩팥병 돼지머리 린드버그 매카시즘 워즈니악 Smile voice context ##데냐 ##방가 고축 귄터 균제 단잠 력전 박웅 윤혁 합할 Fra IAA 나성린 바꿀지 박상용 블루종 안경환 주행성 중규모 DIMF NCCK 계신다고 스기야마 신해혁명 Fusion 급도 논변 더트 목탑 시꺼 얀다 육화 정내 진월 축생 포보 현점 ##라이브 ##캬비크 CCB PTP gpu inv 가본적 근무처 김명희 디미트 로드니 마리코 밀려와 소비품 여수항 오키타 왈리드 원해요 이동철 자연식 치평동 큐피드 큰언니 2215 3510 대청마루 불쑥불쑥 청둥오리 초고추장 포레스터 레이캬비크 wrcmania ##개량 ##태기 ##호위 골룸 민공 색마 읶상 인친 혼담 홍산 Mex TCS 박한우 불란서 ##보호구역 5580 쓰러뜨려 몬테카를로 ##까말 ##을때 ##잉주 니파 예관 유합 ##ault ##wall DEV rna 마잉주 박해춘 뱃놀이 벌어짐 불세출 연수동 인생길 하디스 홍경래 홍제역 0352 깊어진다 바람몰이 아리조나 Infra apple 해양보호구역 ##대첩 게지 르투 바에 에녹 은숙 천근 해용 후텐 ##셰비치 ##inge ##wich IFO WBA 네츄럴 원두막 주입구 죽느냐 최영일 쿠루미 토벌군 2397 거두절미 더랍니다 수라바야 밀로셰비치 Cinema Student Indonesia ##범수 단보 비튼 손원 시굴 야설 유콘 ##부엉이 ##이벤트 ##apor 구명정 더러웠 인공물 장만채 페르마 포리오 화농성 Brew 김치볶음밥 ##기제 그누 노규 때울 로잘 북악 자복 치코 ##에고치 Bou DSA 대동법 둘러댔 딸딸이 세포질 시집온 안지혜 이건데 임방울 제중원 졸라도 챙겨준 한국희 호송차 pure 국제기관 철갑상어 파르티잔 바우하우스 위한답시고 ##기는 ##속도 ##지탄 ##HER XO ᅡᅡ 나초 도변 세빌 순과 원승 준모 풀발 ##loom rpa 강경대 애연가 올렸었 정명석 카인드 카키색 ##unker SSAF Sach 바라다보 에어쿠션 오브라도 ##데굴 결착 도바 득도 북초 알퐁 저고 참기 ##파리니 HDi PMX rfa 관양동 길러진 김동영 능력껏 만두소 예스맨 유출량 천양지 EXCO Poll 누에고치 둘러본다 북적인다 Batch 가스파리니 ##ossible 난곡 라탄 리링 밀감 방적 약취 일렁 중중 직기 ##증명서 ##하늘소 NLP 거드름 벌여서 송호창 쓸려면 요양소 유우성 제어봉 핵전력 ##encer bull 사르데냐 애국정신 되돌아간다 아름다움을 YOURSELF ##Ti ##gg ##인력 ##opt 금대 대건 돌때 드팀 최도 통함 Cub baw 가로변 계족산 금지곡 김영욱 맛봐야 머스킷 사직원 상담역 연구개 추자도 성경공부 안평대군 차렸으면 디지타이저 028050 ##ervation Associate 건군 광문 니거 댕긴 역료 이린 일래 콜먼 페노 후치 SRM 기뻐요 맹형규 서글퍼 오야붕 올라옴 이루마 이정헌 제빵왕 1663 다소곳이 메모리즈 호가호위 Probe Southern ##eal 가렴 감우 권당 껌벅 두메 라믄 발드 봉호 삼륜 시려 작풍 초진 토박 LEG deg 가리온 꿀단지 동일점 전명규 지프차 최규선 카마로 타카기 2122 3930 8550 Chat 오바이트 줄리어스 ##encing 스테로이드제 아데노바이러스 ##데요 ##잉원 ##해자 iD 권이 반할 산체 알엘 약기 오란 웅웅 인관 탐폰 허머 ##inus ion 강우석 거스른 고정자 기공사 김예림 김정렬 매국적 맥아피 보석상 빈야드 아미드 파파스 합목적 북아현동 조세일보 ##변사 ##eno ##ieg RY 가불 개세 과두 글린 놀토 물방 범사 스오 알브 유차 체기 추부 측백 캐널 코털 폰지 표대 해로 더뎌질 마티니 셀주크 안전화 종갓집 평균액 ##aurus Chef Volk exit 청계천로 Message SZ 궁장 별궁 석환 심검 원포 위격 ##inet Ark 간달프 김진희 데보라 레자이 오작교 줄리앙 천해성 최운정 키부츠 허수영 맞춘다면 한진관광 ##고왕 남현 벗겼 여문 위국 잔말 장총 Bir sig 동력차 부전역 소설사 왔잖아 이기면 이윤정 철자법 파리목 하후연 합격증 화명동 Have 오이스터 차이잉원 046890 measure community ##마뉴 ##우더 ##현궁 강복 근초 땅따 뜸했 루페 송한 오츠 운디 졸병 칩과 cov 경기선 별양동 서철모 운현궁 이민지 잔가지 지오반 진딧물 최종원 타이라 토모야 하루치 구동방식 근초고왕 데굴데굴 디플로마 몬테레이 밀어부쳐 비야레알 Third christ 걀 Nd 단화 생의 석종 숙씨 양놈 자누 천발 최낙 탐진 페질 풍세 OBD 마티카 머잖아 빚어져 서미경 수용품 신장동 신촌역 파레토 확대경 내팽개쳐 비빔냉면 샤를마뉴 수요시위 오토마타 20170 부끄러워할 Airlines ##덱싱 ##비누 ##터우 ##hew 굽혔 남관 랩톱 연투 올랭 적혔 ##리오스 Pon 뒤바꿔 서태후 인덱싱 총공격 키리코 파이스 ##adian 4080 에베소서 align 다이얼로그 ##벨레 공박 미후 쉑들 어둔 어폐 인골 장두 저비 짱나 코엔 투안 ##ored SNT SOD Tun sac 굴려야 권문세 근정전 깝치지 박진호 법화경 빈곤국 수신호 피에타 하인츠 화공품 ##aceae Role Sequ Sher 나아진다 Wells ##ollower experience ##남석 ##부증 ##UAL 도훈 순명 슬아 시니 초침 호컴 ##pond KAT 갈가리 게이고 김문환 리카도 손병석 수확물 제조장 탄성력 허구연 3630 4090 bias 노릇노릇 메인이벤트 알렉산데르 orient ##ZZ 과보 금테 끝전 맨살 발질 사농 상양 셀렌 속타 전찬 평자 해해 ##망원경 ##브레드 ##ills CTI JIN 검토위 라피스 상시화 스웨이 신상옥 옷소매 직항로 2099 KING must 땅따먹기 스웨디시 좌우지간 사라진다면 strategy 결림 공란 윌로 코흐 호접 McG fee 길러서 더우먼 아나킨 욕지도 유리판 촬영상 허리선 Stew 사옵니까 커진다면 Pfizer 스트라빈스키 Leaders ##니오 ##희끗 멸칭 불대 삼본 선약 응가 진량 ##다는데 Ric 레코즈 배방읍 설리반 세이건 이영선 최상품 Draw 나자빠지 써내려간 했었어요 희끗희끗 saint shock 003620 Municip concert ##공예 ##SPA ##inx 구신 땐가 리하 민보 순액 후연 ##hood 기금법 냉방병 노익장 레스타 브리더 스크럼 엄마야 우긴다 이대원 이석훈 장기판 좌수영 태양인 가요대전 보편주의 연기대상 텔로미어 페퍼로니 baesm DirectX Instagram ##Be ##보석 ##앞역 ##atz 겹침 금송 금순 방축 새날 족주 콥트 DNV VDI 공작금 광나루 손도끼 액티언 자지라 학생용 CLUB Hein IKEA JAVA Kick 따져봐도 앙드레김 해졌으면 허물없이 Metro 마리오네트 에두아르도 integr ##DD ##ᅳᅳᅳ 개꿈 정마 화리 후텁 amd 될는지 래디컬 살리실 솔베이 이사건 임효준 자성체 페이턴 복분자주 음악캠프 짧아진다 후텁지근 EXTRA 움직인다면 출생증명서 Origin ##희망 가음 겨눴 격물 디원 미한 솔개 순흥 육필 입하 충년 코볼 황덕 ##다르타 Kap MMB PRA VIC cbo 계절감 김병국 김희원 박소담 코다코 트랭크 흐려진 ##erver 1693 글렌데일 방어기제 슈뢰딩거 스러워할 싯다르타 카시야스 파르티아 ##루루 금만 단구 서근 씌여 팔머 ##otic NEA 네오디 람세스 보라스 송종호 수그러 큐티클 학교명 향해야 2539 bear bird 멀리뛰기 Imper plant 사카키바라 author history Thinking ##롱이 ##무센 RJ 더할 승은 야차 축지 핫초 ##ised APL CSC JMS SIC SIS Tec 광주리 까말까 남겨둘 대둔산 덮어씌 불안증 숭인동 시화전 윤길현 제주어 파비안 3330 Holl skin vari 들어갔었 자치통감 행주산성 Trail 드러났으며 우주망원경 010620 마이크로웨이브 Worldwide Responsibility ##숫대 ##티딘 ##iao 매생 발랑 봉토 오당 친인 한새 ##lein ##pool ##ured CDD Sid 갈테니 귀공자 도량형 돌고돌 본적지 셰이프 소보원 솔까말 스키너 일사병 처해서 타코마 한가인 Rand 나카모토 다이어터 마리아나 생면부지 크로프트 헤어진다 Stoch ##urchase frequency 뜩 ##예지 ##pat 몽매 서여 세틴 용일 으까 인표 초서 편저 할테 화냥 BMO QDI xml 단면도 따라라 루터교 민주원 빌려간 사실감 새비지 샐비지 신비감 신소설 유아원 이미란 임성기 재스퍼 보낼려고 사해행위 후루카와 흑룡강성 Roche 트랜스포터 Desktop ##지원 구임 빅톤 아려 애슈 야매 장포 콜비 향사 후석 ##타이거 SQI ppl 관계학 바토리 방어책 버퍼링 비앙카 삐걱대 신동진 아니스 안혜원 요헤이 철분제 쳐봐라 RIST SAAR 고등고시 기독교회 title ##음질 곡초 보티 샤나 성터 안뜰 애먹 탯은 표의 교우회 동장군 발붙일 상팔자 진선규 통신기 ##allel ##korea Gene 천양지차 홀슈타인 Advisor Rolling ##나온 ##커션 ##VIE 소네 연파 영약 오청 ##참나무 ##츠와프 검침원 김원일 대배심 마르키 미니멈 미야케 불가촉 신용현 여덟째 이인복 임펠러 자습서 질러댔 타케다 퍼커션 ##otton java 들을수록 타피오카 파이어볼 혹성탈출 브로츠와프 Motorola Packaging ##렌산 ##액션 맛술 비질 상군 실트 엘파 현옥 ##북부선 Jew icc 공공용 그람시 들러야 레서피 비오틴 빡빡이 이어야 정현호 중절모 황준호 ##angel safe 골목대장 만유인력 모십니다 Virus brain 동해북부선 Compan ##두스 ##러질 노오 느지 안준 울보 중호 짜지 창식 최평 SUB 가랑이 경화제 김태일 녹아드 녹지대 농구대 목판화 선저우 세인츠 예방약 차올랐 최성국 ##quire 사마리아인 Samuel 국제금융공사 ##주도 ##허티 금군 다극 락사 명조 베랑 빨판 월선 이열 쬐금 페닌 회이 NMB QQQ Sap 김준형 부정직 샤이어 용담댐 이나다 전화망 초하루 탄현동 ##ustic Mong VDSL 로프웨이 부존자원 밝혀진다면 웨스트엔드 Vendor middot 류관 역유 입목 청당 청식 ##단지로 BCM cup raw 갔다와 기보배 드나든 오세미 이병래 이정석 이정원 포고령 피어났 발레리노 베오울프 아이레스 일으킬지 프랙티스 뒤치닥거리 GitHub Lounge ##헤르 강욱 덴코 두당 버논 보레 사둔 세동 손댈 재성 팅커 DLL MOL jyj msg 성관계 액터스 연소기 오곡밥 오헤어 치커리 탈수기 표시판 허페이 3620 Than 덩케르크 만납시다 자리보전 했다잖아 86400 관광단지로 Victor ##모듈 ##심서 권율 날으 보론 운곡 지완 파낸 DOW ral 강력반 긴테쓰 남극점 다카라 리간드 마키노 모지라 문익점 부채살 여유있 외골격 적응성 정동익 insp 깔깔거리 마하트마 목민심서 엘도라도 프레이즈 Phill ##온천 레우 면천 본영 세존 심급 일스 입스 재구 NPD Pav gkl lin 나오코 납부금 놈팽이 마시모 안국동 안승남 오블리 이종형 화장기 걸린다며 망가뜨릴 크로스바 프레이밍 WOLED 리소그래피 ##떼새 ##플링 ##합금 나려 딩고 세드 실하 심민 영석 장거 ##후보생 ##8670 CGL 가로놓 구아바 김미희 꾸려져 박영진 이기형 이명주 장보관 주민회 지급보 포메라 포병대 ##컬럼비아 2177 CBAM 꾸려진다 나갈려고 된다고요 보부아르 Activ 사관후보생 ##뜨물 ##파킹 ##lay 당교 명필 신언 악원 참칭 평고 ##ulus Ace 경양식 권덕철 까나리 뒷사람 박양우 부서원 시라노 시오노 차올라 ##elson 다운링크 움베르토 미나모토노 오브라도르 코디네이션 smartPC 브리티시컬럼비아 ##ais 기과 끼끼 리문 최제 ARD OSX 광천동 권도엽 김민아 묘비명 문화어 분만실 산유화 양이온 주병진 총싸움 Pros 발레파킹 ##emedia Impro curve kafka 021240 039490 Fellow Philips customer ##말랐 ##벌컥 ##oly 관평 비빈 뻗쳤 셔링 엠시 우슬 응보 의할 그런즉 발그레 비트맵 송금인 정석원 카이리 6655 9350 Grav 바다사자 Enhanced ##걷이 ##뉴엘 심훈 씨모 옥도 월롱 준성 치에 ##식염수 ##gage nft 김경만 김형식 남창희 봉오리 송내역 신상진 엠디엠 이만섭 DOWN 벌컥벌컥 터졌으면 SSAFY 생리식염수 ##기가 강양 국태 도임 장궁 화하 김희수 딸꾹질 물김치 소방정 추승균 8720 미원상사 Noise defin earth joint Animal 녹실 능금 니토 멸절 부룩 소출 악대 앞전 지맥 BAE 공정도 동성고 오윤아 유시춘 으실까 자갈밭 재무관 커튼콜 탄광촌 AWSJ happ ymca 비밀리에 036490 yonhap barrier Downstream ##설헌 ##해져 ##eel 갈수 뒤서 라차 스몬 신농 안골 용형 위켄 음속 탄자 투더 황공 FBC WBS 공도읍 구만요 금기어 기후현 김경식 날라갈 냉장육 다카기 보온력 사치코 성례전 소사구 아이바 윤화섭 이민아 저장량 Loop MOVE 열린다면 요시타카 이뤄짐에 ##ortunity Airwheel contents ##공익 돋웠 샤흐 임연 천대 ##Time ##itte GFS 고문헌 김성조 네이팜 들짐승 소문났 쌀뜨물 조명탄 하라다 trip 마린스키 모인다는 미루나무 현대생명 Sunny Horizon ##작용 ##CCC 경망 계비 놨나 도양 말사 세현 점촌 APA NPE Vic 노팬티 박원재 박지혜 블랭킷 성인용 인산가 인쇄업 프레온 하연수 3560 CCFI ECFA 으르렁대 ##istance ##시치 ##oen 국역 노명 단형 리븐 법과 북향 예화 우피 텃새 통살 느려진 류제국 웨이스 직지사 취소수 극초음속 주기율표 에스메랄다 받아들인다고 Vanguard Laboratory ##Ar ##드득 ##버너 ##아노 야위 은전 팔봉 함침 ##발리에 ##ivan ##shot Ott 김보라 남잔데 녹아웃 는걸요 부려야 심청가 영화계 이자겸 파스트 ##brane Bean Dick 돌린다는 스탠드업 유란시아 즐긴다고 Immun Aramco Hunter Journey ##ᄉᄁ ##모시 Cm 대언 똥폼 맹지 불벌 재자 졸인 지변 폐백 황무 김소은 노련미 로메오 명망가 박성중 사중주 속초항 송인배 용기사 정권욕 조소앙 칸자키 캐비아 쿠엔틴 CICC 뛰어오를 property ##대작 ##십년 감하 덕적 세평 케틀 택연 해즈 DSD Saw 멘데스 생명선 아무로 테크론 파인만 황신혜 5310 IPIC 게임회사 해즈브로 vector ##된장 ##CCA 겉도 사액 요순 통괄 ##다니엘 BDC DFB TOD WMC 강동석 광산주 김경재 김용익 사이몬 안양동 오정동 옥시덴 이바나 하바드 4560 Anne Buff 먹여살려 문명사회 지으려면 폴리스티 프로코피 mVoIP different ##익선 ##GAS ##One ##nie 득하 령인 마원 여연 즌과 촌민 폴트 푸단 학림 흥산 마가린 아이누 우수사 정규재 조남호 집권자 항의성 환자복 2199 Rena 간고등어 껄끄러워 멋들어진 스파이어 지낸다고 treat 테일즈런너 ##회색 YY 갈빗 귓불 드버 서홍 세시 신력 쌀눈 직산 최삼 화냈 효선 ##경보기 고량주 김호연 부천역 사러가 삼산동 수련장 신현대 안도걸 예지원 입출고 장현국 ##inion 2333 3520 4040 5990 8950 9980 Gulf 헐떡거리 spect 화재경보기 Create Passion ##길영 ##온스 ##정당 독액 라무 멜번 점친 정천 지눌 테나 핀업 황백 ##클로드 EUA Ole 김운호 김현용 레이딩 뭉쳐도 발진기 버거웠 보혜사 사우론 상수동 서정훈 손빨래 주창자 cart 만났으니 선보여온 움직여라 인감도장 게으름뱅이 ##stagram feature ##삿말 ##타케 LY 로네 죽령 튀하 편강 ##사나운 dow 강미선 남산골 모악산 별천지 연계증 텔레포 2217 타들어가 헤스티아 plurality ##교리 ##조폐 ##픽업 견장 계서 귀밑 부즈 세탄 여업 용당 율사 중품 LEV kip 곧대로 광픽업 국사봉 금남면 브레튼 앵글로 예문관 이제사 이지호 이현아 자연미 총무부 현미밥 협박범 ##조폐공사 Bron 가라앉혀 가을걷이 망가뜨렸 FINAL 까다로워진 한국조폐공사 ##쳐켐 ##KOR ##Res 군밤 꺼주 배연 비연 삼관 선성 선이 셋쇼 종년 진역 BSE TCE 경제면 과격파 도수로 등나무 로시니 박종화 심마니 오상진 이용득 코우타 편집상 퓨쳐켐 ##스케이트 3670 FHFA typd 내팽개친 셋쇼마루 유스퀘어 Liter Yahoo 인라인스케이트 Alternative ##마름 마심 삼기 새옹 손혁 악극 오얏 이릉 이맥 잡거 정라 제산 햇님 황일 ##anya ##lett Ich KMA Vib ᄐᄐᄐ 김형일 나이젤 노팅엄 대탈출 로빈스 문제작 박종욱 법의식 송재호 앉혀놨 이순철 짤라서 폐가전 해물탕 2175 Standards ##Al ##전생 pw 꿀물 묘청 백강 베야 앞일 양중 울러 조추 공민지 도회지 돌아섬 산드로 성공급 시술자 신중절 안동댐 에어드 윗자리 이몽룡 주세종 최윤정 크리머 후텐마 9650 away 원효대사 자기실현 넘어간다는 마스타카드 사로잡혀서 폴리스티렌 Petrochemical ##번뇌 ##이득 ##투신 ##TIN 약안 원킬 쪽잠 천존 키홀 ##TORY ##stad BcN 김정화 불효자 알비온 외통수 이와이 혼난다 MDRT 거둔다는 고관대작 공영버스 리놀렌산 아누비스 칠리소스 imlac mount Alfred ##VB ##향료 구학 달겨 루거 문은 진일 켠다 화선 둘째가 레이턴 비춰진 사망일 서양호 신불산 영농기 정재승 젠트라 주식비 집어내 차오루 착향료 컴퍼스 abcd kbps wear 개성관광 처박혀서 ##세린 ##INK 무태 불침 샀었 안코 용동 ##1810 aia gop 고가교 김종영 남유진 다지요 디오르 뜻풀이 리이다 불발탄 와코루 이동필 이하늘 이현준 재량권 ##공익재단 ##라룸푸르 0602 여신전생 돌아다녀야 가산디지털단지역 삼성생명공익재단 ##성심 ##토메 ##jan uc 검프 경명 궁주 리쥬 어전 여여 절화 커니 패용 현복 ##2100 ##ento 그러하 내리찍 뚫린다 맹독충 밀어낼 스팽글 시추기 알비스 역삼투 연전연 오웬스 와장창 일본풍 정인영 지역제 철공소 철없이 핫초코 2068 KSQI 대니얼스 한국투신 토마토소스 메그 부중 비쥬 집광 타력 Kom 걸러라 맥시마 변변찮 이계인 이스파 흥겨움 Pump bawu 마창대교 정교분리 오블리비언 퍼블리시티 iBooks 가란 기게 떡대 마골 무음 사곡 샤도 설연 암운 위경 창과 축기 탈회 ##지상권 HAR PKI 면도칼 서툴렀 손병희 신은경 정약전 정지나 지옥도 큰오빠 debt hell publ 노기자카 무단결근 옥바라지 천안시장 법정지상권 시벨리우스 치달으면서 헤르베르트 ##갑석 ##통과 Ri 게릭 불갑 싱거 ##스퀘어 VMS 균형추 김영상 김정연 다이몬 박칼린 복덩이 안겨다 장재영 중이온 청과물 파브리 하역장 0045 2102 도토리묵 인생살이 장클로드 흑자경영 ##olesale ##보르 Sy 구남 권근 금용 급거 동항 맹모 오뜨 우예 장추 조곤 체학 틈날 하륜 TEA 김상환 김정섭 라고스 만학도 인상액 임동욱 지저스 ##oting 들어올지 부러워했 은하철도 Sense guest kenny round 미래연구소 소비자금융 이퀄라이저 airmaster persevere ##장부 길트 뇌동 답인 뒤뜰 모크 몸돌 암드 챈다 허이 ##플랑크 ##agan SSE 그래스 보스톡 신규진 안일한 영친왕 월드콘 이홍장 잡혀야 정혜윤 조사선 조슬기 태전동 풍뎅이 학제간 휴직급 흑설탕 4580 만시지탄 막스플랑크 ##구획 ##쉬룸 ##입성 ##BER qe 기왓 넘침 사빅 시강 안계 칠만 코럴 파평 한없 호별 ##icht JET UWB 겠구나 김슬기 깝죽대 내리깔 머쉬룸 바빠도 양원제 임지현 조아려 주재관 ##구획정리 ##ibaba 2115 3660 ISDN Tape wake 달팽이관 동떨어지 000150 ClassA 토지구획정리 joemedia ##단신 ##홀스 두인 라팔 법보 비래 이담 항인 현천 QnC ren 김창석 깔깔깔 내성천 델리아 동여매 생사람 서종대 아니메 에닝요 이영수 평한다 피붙이 2324 CEPI Trap 도우려고 모스카토 보험금액 블루버드 상징주의 올라운드 음악분수 PAYCO 003540 ##quisition specific ##데오 김휘 다잉 실경 왜색 워릭 지물 지색 짤랐 ##ibal MTO brt 놨지만 다스린 신랑감 우수영 자식이 잡니다 정태옥 푸홀스 ##isure 3420 Tell 나빠진다 having iX td 골지 과해 누간 멘톨 범박 시은 쌍것 썩소 잔가 집채 텐스 학봉 홀스 Edu 삼형제 소작료 정윤종 주가연 진관동 초년병 플리즈 홍상삼 2125 dong 골드러시 북아시아 스포르팅 우격다짐 핀란드어 Canon INDEX ##He ##미네 hh 멍든 민장 이농 족인 짜른 패이 피뢰 ##구협회 ##life GBA ICJ 경기병 곽동연 구본능 김무열 김문희 대기근 도리안 승강제 최연혜 최윤호 해안도 Nest 가까운데 다녀야지 소피스트 크로마토그래피 ##디외 ##양론 ##gun LJ 구업 보마 빈궁 산티 터번 희재 ##etta OAS PCO 결단식 그려온 뇌척수 도사견 로드먼 무반응 미라쥬 윤태영 자이나 장세주 주재자 체리쉬 토이즈 피래미 ##젠베르크 가부장제 리빙스턴 워크플로 찬반양론 킬링필드 여러해살이풀 ##광희 ##릿발 ##채류 ##ELL 구드 굳은 련만 박필 병졸 상준 중거 찌끄 투발 판임 항력 호림 gel 가해져 검시관 빨려들 주호민 휘몰아 ##농구연맹 2092 BIPV Fail SOUL 겨우살이 뒤집혀서 시티헌터 Cater 드림콘서트 테레프탈산 파이어니어 Castle Creator ##불멸 ##코미 강삼 널러 몽실 범천 삼장 영태 월면 초우 택함 팡이 회성 ##어버터 HOL 구해라 김우주 라우트 료스케 몰라주 벨레스 위켄드 윤형빈 이기대 이은상 이태경 주계열 ##Watch Wars 늑대소년 뒤적거리 시어버터 Profile ##즈미 ##쿠레 ##TOL 관노 랜달 맹구 와키 죽상 태하 희구 ##엔에스 Own tdi 김양호 내편은 대청댐 라우라 박정석 부형제 이성근 인삿말 ##Works 0161 3320 에스파다 이타주의 프롬프트 Crazy Profit Xiaomi journal ##물결 ##NGE ##imb 거한 경골 루파 배롱 배삼 보텀 비가 섬모 퍼슨 사나흘 이종휘 인도교 후생성 2121 task 보사노바 성산대교 Invent 하이젠베르크 tracking 같아 농연 도과 등도 링턴 여광 잉그 통리 한음 혈혈 홍염 ##idal ##thal fig 거식증 김여진 네그리 대수선 부닥쳤 수일간 슬럼가 심우준 심형탁 애국열 옆머리 오정현 지용성 지켜진 질산염 찬조금 쿠마르 4470 Lith 게을러서 맞춰져야 보디라인 세면도구 ##artner 강원일보사 guidance ##니나 노한 능행 돈사 랭보 버넷 염의 종문 종원 증해 채결 치산 학맥 화회 SUM aud thr 교환소 놔둬야 들썩일 리시아 본회담 의림지 이순형 이장희 이준서 주빌리 카이런 허깨비 환전상 3024 UHPT else 건강식품 뒤집어엎 아사쿠사 우다웨이 카네기홀 Boost Junior ##KY ##hal eV 삼갔 알주 원담 이냥 재거 파훼 현양 ##사이저 DIC JCB NSS cnc 강인규 규정지 김경아 김중현 노지훈 렀으나 매겨진 서툴러 자국인 종잇장 주행로 틀려서 Jane loan 노브레인 혈혈단신 되살아난다 028150 Managed 검측 모덴 쌍포 에루 총채 페치 흑요 Ele 강혜정 결정질 대성마 민유성 배워도 사인데 안긴다 영미법 주거면 ##estic 3370 Away Half 가이우스 45001 ##니꺼 ##미즘 ##이사 곰국 궁술 달천 모연 벤허 신암 차변 창현 코킹 ##베르데 ##해진미 ##ibor SNH 권해효 김혜림 돌리네 승자전 정연국 조져서 천수답 출석부 한영수 ##ducer 0005 ITZY 남양건설 산해진미 알아들으 영웅전설 정했으며 관시 긴긴 데본 수우 ##GGUL GNS Guy McD QFY 골밑슛 광전지 기쿠치 문해력 수출세 쉰다고 시민증 안숙선 이해식 줘야겠 플라크 함구령 Hole YMTC four 레인코트 앙천대소 집단체조 프로페서 뒤치다꺼리 쳐들어와서 Unique stable 고일 늦봄 비달 월러 조참 첼라 탁이 후줄 흐미 Hug 가이다 김병규 끈끈이 놀러왔 명왕성 보시기 수용가 웨이신 의학계 자곡동 자오선 정원수 푸저우 하북성 환상곡 걸린다면 작아진다 포리스트 에인트호번 ##hibitor liquid Artificial ##앨범 ##지요 ##케르 기범 면포 배해 배화 심겨 양소 연곡 잔병 지젝 진념 타심 통교 푸네 혈뇨 강성천 샤베트 세포벽 이봐요 이용제 지붕돌 ##chron ##uator 3570 올려달라 이글거리 18000 Lease 패키지여행 Empire behavior Competition ##덩실 관운 니원 벌충 와류 장쯔 촌주 ##비아타 Kil 도플러 디바이 라그랑 원윤종 유기상 이군현 정유섭 정헌율 짓눌러 총대장 총리령 퀘벡주 테무르 하마다 샌드버그 페레이라 콜드플레이 ##매미 ##보경 ##uts 공출 착좌 UMP 간쑤성 공감각 길동무 김성용 김정철 김현성 맞상대 백동수 영동읍 이기전 접두어 최원식 JPEG KINS Ramp Schm flag 무라사키 선남선녀 플루오르 ##mediate ##로션 비형 빗과 속독 수별 엄명 잡부 쫙쫙 촌각 치통 한배 ##iley ##urry AVA NES 김중권 독서대 롱테일 박종규 스타이 아야세 오데사 장덕수 통반장 Help 버벅거리 알브레트 충무아트홀 페르디난드 mechan potential ##무환 ##아듣 과료 권두 규조 돈대 맥마 맹사 방습 ##ouri GTO VND 다과회 오코너 을래요 이태석 치우침 탄생지 화전민 2321 Chan 배웠으며 아르누보 에어택시 커졌으나 ##미디어센터 국립의료원 포커페이스 ##미디어시티역 동양자산운용 두드러졌으며 Vincent booking 영상미디어센터 Robotics 디지털미디어시티역 ##왕생 ##평야 법랑 슈고 시예 응결 임전 평한 혜공 ERR 각성제 경회루 고영민 교화소 뇌사자 만경강 자원자 정춘숙 지진다 체코어 최원영 포타슘 ##rence 0025 before primary 명우 새드 쏘옥 이베 제남 KSM 공포물 나자빠 노진혁 백윤식 신애라 알림장 조상우 PSTN extr 사들인다 파이터스 이뤄지려면 Portable ##로켓 ##잘근 급탕 달관 도두 돼먹 루버 민세 상앙 윤한 증개 편든 환위 ##inib Esp Its 니미츠 마무드 물양장 뿌려도 세수입 스컬리 오지현 점조직 통풍구 했을지 ##승마협회 MORE 리트머스 머물러서 오스왈드 대한승마협회 ##Up ##올려 걸상 배실 배이 척화 한목 효사 Jen ROX 굳은살 깔깔대 맥키스 부정성 주시경 짤짤이 풀벌레 무거워진 무혈입성 박테리오 알리스타 영업양도 허난설헌 부드러우며 콜로라도주 Connection ##GF ##뽀송 ##솟음 ##야오 ##자인 ##조카 ##Com 마튼 뽀송 성망 신회 웨건 조복 질퍽 한설 ##수익자 VGX usd 렐리아 물려라 빌려줘 아르기 전립샘 조영탁 너나없이 변산반도 뽀송뽀송 잘근잘근 파란불이 맞아떨어져 보험수익자 section Assistance ##불손 ##시나 ##커비 ##ahl ##emi mh 뒷길 디에 바가 서법 수승 우티 의생 ##rell ADN cit 상원사 스쳐갔 엘피지 정준화 제이지 찡그렸 2153 emer 이어달리기 Anderson comprising ##경례 ##동차 ##종묘 ##jun 대무 로위 말뫼 베슬 세삼 헌티 ##떠중이 ##core 근섬유 동천역 듀프리 메리다 붕장어 신동근 어겨도 윤재옥 을려다 이성훈 최명용 카미조 판다면 혐기성 ##phony 고성방가 부딪혀서 MOCVD blood major ##끼야 ##Boy dn 까나 둥실 만권 아펜 연심 자감 투레 퍼싱 Ali 논농사 미에현 박관용 송승환 오정구 웃어넘 죽는다 축령산 한승연 허니콤 Clar FLEX 기암절벽 내버려둔 무지렁이 이룹니다 아시아종묘 counter Blackout ##벨라 단당 반질 보제 비색 안저 여걸 은보 tig 몬테스 무독성 바람나 밭농사 배반자 사마라 신내동 신다니 으니라 이상기 이주환 조직학 하이어 ##영웅전설 ##opter 0957 2072 ACWI 거수경례 means Circle 은하영웅전설 Francis Collaboration ##변호 GY 덤빌 봉준 섬도 청연 취성 ##부쟁이 ##테이커 ##튜니티 ##anco 강대석 구리아 김보미 이광석 장섬유 최대현 환자실 ##vidia KCFT NCAP 귀담아듣 지났으니 슈퍼스타즈 ##레사 ##부제 다처 병어 불고 싹튼 XRP pic 김태용 나잇살 다우닝 유세이 이규호 임명식 중의학 직접세 후두암 2082 친선대사 ##lation Title Campus 어중이떠중이 Utility ##형주 ##lab xc 진효 폐역 효상 흑표 JPX iTV srf 강동윤 금민철 김종구 김한표 동인도 레지나 박선규 박제가 반의사 사인펜 시루떡 아사리 오클리 탈보트 ##성심병원 0895 2418 Find 교통지옥 오만불손 으라니까 전력량계 아황산가스 오퍼튜니티 성용 시테 암보 포말 풍각 김기석 김세의 명예욕 박찬대 배워온 슬관절 신경향 심해요 이형희 전광렬 조영무 켄타로 허기사 3470 불방망이 얼라인먼트 찾아갑니다 length 강남성심병원 electronic ##디까 ##이니 ##cin 어슴 여졌 월도 칼튼 클까 파렌 JCW UTM bye 간첩선 개구멍 건다고 김현기 도르래 박일평 브리태 산림욕 스위티 오쿠다 응축기 WEEK 날라다니 줌인터넷 param 라이언에어 오므라이스 Analog Tagged kennyb ##끼가 ##die hz tg 나소 내퍼 독채 디밍 레콘 모타 보른 비분 하변 ##혈전제 가스켓 김선수 김용식 끝난지 마나미 묘지명 베껴서 베르거 불성립 선납금 손금주 송용덕 얼매나 오송읍 이천희 좀도둑 ##로스코프 ISDS iMBC Roman 카퍼레이드 Champions ##델릭 ##어크 ##하타 가베 기릴 라간 망실 선편 솔즈 아큐 연복 황열 RSP alt 고산병 김용래 니시키 로코코 박희영 사도직 스즈카 아야메 평사리 0365 7990 DeNA loop 플리머스 항혈전제 Tmall death 세르비아인 웨이크필드 Fisher 오실로스코프 ##lectronics SharePoint ##HAN Aq 기결 민인 죠타 최혁 해쳤 ITV TKO eat 고원준 공수표 마일리 아다치 황령산 5120 itzy 레오폴트 사이키델릭 어떠신가요 언더테이커 육상자위대 Satellite ##nh ##노장 계구 드릅 멜빈 부샤 아빤 알알 추함 테토 폴락 BOM Jar 불호령 브로큰 아마리 장성우 knan 내줬으나 문화연대 부드러워졌 대한매일신보 ##색슨 ##체크 ##emo ##mic XA 개토 괴팅 내래 멩스 새보 세콤 천포 킬킬 팀쿡 흰쌀 ##imin WHI nit 기스트 대부료 마리온 여사원 이임사 조봉환 츠구미 홍완선 ##Mobil webs 백전노장 보냈으니 아르기닌 어른거리 통근열차 앵글로색슨 without ##곰탕 ##동작 ##보들 ##청년 ##탓이 ##uez 세형 좌랑 Kun 닭백숙 발매기 비지오 삼각지 지나왔 찢어발 ##모듈원전 NOAA 황소개구리 Random 메트로폴리스 소형모듈원전 advanced training Restocking Broadcasting ##강부 ##프란 고오 빈농 서언 석제 선향 소근 슈지 역리 위만 현식 화계 후실 Wer 감독판 김길태 김상범 부적당 원삼면 채희봉 흑요석 ##phere 3322 세인트폴 어려운게 Catal ##ailable ##루키 ##바움 ##밟기 ##슐라 ##율성 ᄋᄅ 꽃등 매키 쉴새 프락 혜종 홍유 ##진흥원 ##프스크 고광택 맞바람 박영우 박영희 박음질 봉안당 윤성원 조주현 케이주 화산암 2053 2225 Hack plot 무지무지 쉴새없이 Hitachi ##dl ##레터 ##윤기 내눈 리까 아합 월인 장등 조완 탈거 태명 ##나들이 ##시간대 부쿠레 선발팀 성문법 오리까 척탄병 촬영기 통제사 2134 ddob 생긴다며 유비무환 부쿠레슈티 스러워진다 프로그레스 Strike 스파르타쿠스 ##뭉실 ##충사 ##허식 ##LAR 견공 나로 메흐 무종 뱃전 오량 초엽 필봉 JSC 갈라타 김근철 김성룡 무도장 박지선 서지훈 수색역 이혜진 입맞추 침산동 호사카 9850 HAPP visual ddobagi javascript ##바둑 ##풀기 기학 단급 대든 디요 물대 배도 섀넌 애끼 옥편 제임 쥐과 지렁 진덕 찰기 천초 ##Form tro 서대구 우당탕 저버릴 정율성 혼례식 ##슈바이크 계신다면 능력주의 카스티요 ##etting Jesus Opera 돌려준다는 베아트리스 의붓아버지 브라운슈바이크 ##isfaction Japanese ##혜림 관헌 니리 밀튼 반들 병학 와바 해중 호단 ##플라워 그래소 방화복 베이로 보스포 빠졌었 손준호 유지방 이요원 정대동 조성준 최유라 칠해져 합쳐질 4567 개신교도 밸러스트 진로그룹 11000 이바라키현 한국언론재단 Housing dragong ##개론 ##진동 vl 규산 기오 동유 띠지 라주 로텐 리연 설량 예르 잰슨 중궁 초신 허희 화입 BIC DAB JTC WFM asi soh 가이즈 경기체 라스타 물바다 부교재 쌓여온 악바리 울지마 이연수 호경기 2063 2417 VLGC Vest 고수부지 아라카와 블랭크페인 자유민주연합 ##펄린 ##hou 감주 갠데 는교 맴돈 무룡 세밑 탕산 폐물 하롱 합안 호영 Bid kid lic 강동희 김정유 내릴까 넌더리 놀려먹 맛스타 무릎쓰 무원칙 뮌스터 미더덕 법제도 브로디 에레라 온주완 윤대희 이적죄 집행인 코쟁이 판정패 평론집 Apps Hour Pull 날아오를 내세워야 트램펄린 필리포스 Lloyd 벌어집니다 Rainbow youtube ##구호 ##우즈 개택 구결 끝없 끼침 반실 백보 사한 숙도 애수 전균 체관 편년 ##door 감춘다 방기선 브루드 사모사 서경원 아그리 조영훈 준비기 해모수 허커비 ##종합개발 허례허식 헤어나오 건축학개론 말썽꾸러기 합동결혼식 ##FX ##726 ##gio ᅳ지 고엔 덧댄 덮혀 도즈 릅꿇 별리 송죽 에레 영묘 풍양 끌린다 동정녀 미스미 바람기 방송망 불소화 심청전 을께요 지진계 풍월주 하나라 WITH 해버려서 ##링겐 ##저닝 ##찬희 ##DST ##WAR ##pal py 갈겼 격인 등짐 라소 마재 여벌 엮였 지락 출급 카투 혼성 휘핑 mis 공보부 김세현 레비스 몸풀기 조각보 0051 2195 Mara tank 끄집어냈 들으려면 오스트랄 휘핑크림 Davis 프로비저닝 ##eepening Patrick Scrubber ##꿀멍 ##나오 거담 숙자 애린 옆길 입궁 정표 코콤 코페 쾌변 헌테 ##utch BAY 김원섭 노부코 뉴어크 데꿀멍 미사토 박성우 보호령 신진서 조원우 짧아질 컴패션 통신법 호세아 2371 그린다는 도쿠시마 저작권자 포트워스 Bench Piano depth 신고전주의 황금시간대 little movement invention ##To 마러 부싯 새웠 지즈 표점 ##쿨루스 담보금 면한다 무기수 방청권 이다희 Beer Dawn 넘나든다 돌립니다 사회사업 시나가와 재두루미 인텔코리아 Million Strength ##노을 ##주파 오럴 음장 의법 코셔 하딩 구워진 금도금 꼬꼬마 끊긴다 담창구 면직물 미카미 이동녕 이민제 임찬규 정용택 중관춘 Gift 답십리동 몬드리안 백지상태 바라본다면 어려웠으나 화이트골드 ##usa 된겨 사츠 서직 신여 지황 차렷 탄착 토빌 혜왕 ##ince ##omys 김다미 다쳐도 류덕환 알킬렌 알토란 용솟음 인셉션 제이나 카이바 2208 Tact 루치아노 에스콰이어 billion ##녹화 뒤떨 레종 리추 민욱 서단 싸가 앙탈 찌찌 하갈 ##제넥스 ##코이단 ##itar 광센서 권홍사 소두증 오제세 타일렀 통일안 ##essel 계집아이 돌린다고 떠난다면 사이드바 새문안로 타이타늄 후코이단 thank ##덤불 ##LAB 개로 광맥 누카 은조 자탄 페린 피기 회산 EMW WCW 감별사 구성훈 극락전 맞춰줄 몬타나 복사꽃 쇳소리 유덕열 정영식 ##바스티안 ##onist Tops gram 달맞이꽃 리플렉터 쿠릴열도 volume ##걱정 ##보조 ##슬옹 ##TOS 뒤얽 세잔 야윈 열자 오혁 형설 BAC 끓는점 노희찬 마리야 망포동 복대동 상나라 세포내 카나타 클로제 페이징 한가람 2106 BCBS 그린버그 동인천역 반포대교 세이비어 STUDIO Polymer ##강로 ##심지 WQ tl 극판 단투 승건 쌍발 양무 에곤 으랬 잿밥 지종 ##우코스 Fee ISG NRA SPL 과전류 놀림감 마크스 이선엽 정명수 줄게요 지진대 채원배 탁구공 홍두깨 활시위 ##공학기술 새옹지마 치른다는 Alice 돌아온다면 생명공학기술 마통 무계 악산 죄기 지후 협작 홍우 ##8350 OJT Pel 감귤류 계실까 구운몽 나드리 달구지 스타리 유브이 이규형 이준식 제풀에 최영미 화성군 가려진다 비관주의 밀리미터파 아일랜드인 Crypto Etcher Brothers ##메뉴 ##PAS bf 녹사 롱아 루한 승병 웨브 질펀 치제 파텍 하전 협재 atp 구래동 라인스 받침돌 셰브런 송경재 실재론 여과지 왕숙천 이용희 정중부 훈구파 0513 3190 IBNR gluc vvip 불덩어리 타나토스 ##nology Dropbox ##가도 것이 기음 바코 선표 신홍 암부 우육 프타 하국 환석 고태봉 박영순 삼평동 영웅담 온단다 올려요 이유일 하수급 ##icine 2111 그렁그렁 율리시스 체포하라 크리스텐 소시에다드 ##풀리 나국 마봉 문루 솔드 질겨 코윈 퍼와 ##가하라 ##wick CPE imo 날뛴다 매장지 애시드 왕수인 이관섭 코피노 통할까 프랙탈 seed 부도덕성 Begin ##승천 명국 부탱 성승 소찬 진간 혼불 Ifo 고사총 고한다 니트릴 단일제 박승호 박종윤 이네트 차려졌 카카시 헛발질 ##allow 옮긴다고 ##estone Hedge 가져왔으며 볼썽사나운 이슬람주의 남안 데유 덴데 도한 레몽 새달 육가 준형 ##king mhs 김태경 다르마 마이라 백기완 백핸드 왕기춘 인과율 조승환 화성인 들어와라 매화나무 보들보들 산림녹화 Proof Springs Character lj 배액 삽시 악신 이곤 즌의 직보 찢긴 출재 ##암페어 DCI deb hyp 가부좌 고신장 권오봉 김소혜 다녔었 발산역 벗겨졌 수송로 신스케 여닫이 유조차 이달곤 이형석 장세욱 카푸어 4010 물어봐서 양녕대군 Still 삼양제넥스 Anthony ##고우 ##뜨림 Rx 먼즈 베그 상차 아푸 집수 호손 CSL 굴뚝같 목판본 발명왕 오세영 진동자 피해왔 합창곡 홍진경 다릅니까 압구정역 죽여버려 치맛바람 BRAND Crown 012630 ##고제 ##타노 마란 중선 화행 회양 ##3800 OMR PSS 갤럭틱 못자리 바나바 백일하 서지혜 성의껏 스태킹 신학용 야노시 유괴범 청색광 티베리 2231 3340 머스터드 스러울까 신설동역 앤트워프 요리토모 천상천하 티베리우스 random Shopping ##서먹 ##파지 갈사 두성 메키 불비 오계 원귀 원맥 최금 EDA 고함치 김진아 덕산면 불리워 석촌동 양무진 이유정 MIDI Sung sand 생태주의 철학박사 내려갑니다 떨어뜨려야 ##ognitive 골로 내해 농상 는기 악부 페낭 ##MMER PAL 개봉관 마천동 명륜당 벌린다 심리사 심수창 은수저 이쁜데 정감록 중계소 터질까 특기생 무의식중 무적함대 HOUSE 새틀라이트 에이플러스 Acceler ##활량 Ji 료지 파에 DAR SiH 나루미 담수호 몸동작 부장품 소년수 요나스 입법례 정영훈 지역학 Neck 서먹서먹 bound ##더릭 ##도손 ##융캉 rl 난단 사두 선돌 식년 타래 해감 dry 기시감 김지호 노병용 물려줬 섬광탄 셨을까 출렁임 코린트 늑대인간 리퀘스트 크라잉넛 한글학회 MOVIE 옥타비아누스 ##CG ##륭한 ##사몽 ##쭈글 박설 방신 볼츠 부증 산스 시감 조역 진규 티뷰 틸레 허유 계절풍 귀향길 김승철 달여서 민국당 박세진 배수장 삼지창 수상식 장자제 존재론 증보판 팽현숙 포플러 해댄다 3380 arpu cook 바다표범 저우융캉 투신자살 Blanc Dolby 급브레이크 데포르티보 빠져나간다 Morris silverline ##놓고 ##샤드 ##IAN ##SAN 건즈 두런 목인 미희 뻗친 어포 엔하 육운 중근 출분 폴립 현용 계정수 기독자 김학재 물어요 양성우 오세창 유음료 은팔찌 3290 5683 낙인찍혀 민달팽이 불순분자 흐트러져 수에즈운하 Config Monster ##RG ##관음 ##선인 IY Od 관관 비후 서령 시말 식산 열국 외공 일야 추크 ##feld NAT 김홍기 다녀갈 드셔서 박종연 배춧값 생글생 신충식 의료품 재출발 전위대 정기전 친해서 ##ucker 2104 2171 2376 Cape Once boot hero 독재주의 메가비트 모리타니 미야와키 옥스프링 티그리스 Carry ##perties ##돌목 ##량면 ##멤논 ##흡수 Fc 공홈 구음 국마 다게 손댄 아셀 앙카 영욕 지견 총림 하빈 황문 ##버스커 ##운영위 TMI VPC 가경동 검인정 김혜성 버텨냈 세라핌 손거울 수동식 중곡동 집중국 키플링 파이로 피범벅 2999 NEAT 방사선사 슈퍼루키 아가멤논 Bosch 페리클레스 ##No ##래닛 구권 김설 독인 방응 별나 어셔 장토 지육 진탕 ##oric Ion OSS 골드윈 금잔디 답답이 마재윤 만경대 밑받침 반사광 상갓집 엎어진 외출복 청취율 2653 SWOT 비몽사몽 아카사카 오손도손 다카라즈카 학교운영위 conver 버스커버스커 ##도덕 ##들을 ##마린 ##숙자 ##어라 ##툴즈 ##agu 랑크 목금 워디 진채 창희 탁수 푸가 ##게네스 ##티지역 ##rine MVC 광동어 굴다리 내손동 들려요 똘똘이 뜨내기 세네카 여겨짐 영랑호 영문자 이동용 퇴적암 흐느꼈 glyc 기울여서 반야심경 상왕십리 피오리나 하이랜더 넘어간다면 두리번거렸 줄어든다면 047810 command ᄁᄃ 망극 샘스 수창 어좌 영규 티야 하권 ##eyer ADL 김용대 동거남 반월동 뿌려져 사비나 소우주 아탈란 어윤수 윤희상 잡아달 쳐다봐 치메이 탐정단 5010 제주일보 하루노부 mypark status Transform ##모기 ##터벅 구카 급간 꿔야 뜨악 런가 밥풀 생자 시창 쿠오 ##바로티 Mik 거듭남 거제동 나아져 나으면 뇌교육 다리아 대륙성 세워도 스위니 임용택 정선희 조명희 지석묘 플라토 2235 4860 bang them 경험주의 대왕대비 덩실덩실 터벅터벅 Grace 민속문화재 이삿짐센터 마찬가집니다 ##vertising November ##ZO ##듀오 ##할시 ##rah ##usu 에에 주롱 청실 ##imer Hip PSC 고마우 김석원 보라인 부를까 식탁보 Taur 생글생글 여긴다고 펀자브어 알아봅시다 아르메니아인 exchange fp 기석 사호 슬릭 승압 함서 ##ilot BLO UFS 고문영 김병진 나비스 너저분 밤낚시 상대원 썸데이 특촬물 폐활량 해버림 9050 Alph boom 해지므로 페널티지역 activity Relations ##니당 공일 괴안 급보 기막 매덕 벤큐 불개 ##fall GTL KTV SNU 꽃등심 도리아 송대현 아키바 안태근 이미영 제플린 통행권 해상력 가리왕산 고레에다 따라다닐 브리태니 항응고제 스트라이드 ##대차 ##집단 ##mat Rg 달렉 리델 바득 불여 비부 틀기 하파 학병 형소 ##cont HAI KCA pip por 계기반 광복동 돌베개 반물질 사구체 이뤄서 직선형 통제관 페청산 포인츠 헤이든 Gust Mine 고무나무 그레고르 부당이득 지르코늄 차렵이불 early 국방연구원 modern Operations ##iaz ##uum 노매 달튼 대석 수과 알튀 원충 정목 카란 ##기반기 VLS kic 김성찬 대사간 바디스 박준우 방진복 부의금 브리아 상한다 세르지 이완기 투쟁력 ##기반기금 swap 바깥세상 테라코타 세키가하라 산업기반기금 ##방통 ##주고 걸걸 관모 에무 여환 질라 포케 ##예의지 ##heit ##osun ARB Vul 감자전 강구조 강예원 김조한 끄덕일 백김치 새겨듣 선임자 스기타 월그린 유상철 이수창 이윤지 이재희 점점이 ##예의지국 2081 바득바득 바리바리 찌끄러기 파바로티 December Certificate ##reh ik 괄시 기때 여체 오쓰 음가 차모 포서 CTF hon 기록자 김순택 늘어놨 리플레 말랭이 배워가 상도덕 윤덕여 이상이 전우애 증언대 통행증 퇴계동 포핸드 하이리 4440 아키타현 영웅시대 이스파한 조간신문 Pitch broad 동방예의지국 ##형진 갑수 녀랑 데칸 렬아 문임 밴텀 병치 육본 태기 NPU 달리아 로마켓 반원형 뼈저린 이앙기 이원익 이창목 커프스 탈세자 SHFE 괴롭혀서 뒤집어썼 모은다면 상스러운 으셨다면 지선버스 ##rection ##임시 ##픽추 꾸욱 레싱 부바 브랙 신코 익과 전마 찬호 츠비 탯을 품물 ##룩거리 김제남 김형주 넘겨도 마리카 박지우 시바견 알거지 올려왔 운영난 유미코 으스대 이동상 큐브릭 Bach SALE 마추픽추 비한다면 윈체스터 Creek 돌아섰으나 SPECIAL ##배치 ##화경 ##흐물 겐타 생돈 쇼난 치태 BLS 가가와 마름모 상품성 식별력 으려구 잠수복 채리티 현해탄 ##다이오드 2094 Alum Extr Tang 준답니다 therapy Emergency ##wo ##바락 ##콜린 독파 뒤샹 영환 우소 위액 유악 퍼즈 하몽 ##뷔지에 ##아지즈 갈수기 강성범 김상만 김창섭 나운규 나치오 바베이 뱉어내 앤소니 어뜨케 오동환 한자리 해치웠 ROCK Scan 급작스레 는다던가 사일런스 신통방통 치즈스틱 태어난지 ##ubishi motor 압둘아지즈 찾아온다는 Purpose ##뉴얼 거뭇 권호 범우 양익 영복 예테 윅스 초부 코른 틸렌 GDC IgG 김동찬 날파리 셰이드 신선미 재흡수 짓눌린 추밀원 토벌전 하드만 ##athon 3860 Bios 맞춘다고 예테보리 헝가리어 흐물흐물 Proxy array 잃어버린다 부끄러워해야 problem ##다웅 곽현 당태 러즈 만모 시병 양실 외선 재침 지과 투도 포행 항등 ##노우치 김석진 김신조 무얼까 울돌목 이현석 장기표 정민철 크라머 ##화학공업 Some blog 전투태세 직행버스 해진다며 ##lenine slope 006280 Angeles Reverse castlenine ##갈로 ##래핑 ##odo 둥어 목보 문독 물법 베델 상철 일곡 쯔양 최필 태제 평할 ##ails ACA ADV ECS Mol 걷어냈 김연자 김호성 김호철 꿈꿔온 나눠줘 동학군 메리노 미츠코 장대환 전영현 코닉스 쿠미코 타이치 혈당치 ##축구센터 Chap Tony 넘칩니다 스러워야 시스테인 아웅다웅 siRNA ##공해 ##URA 감법 고카 루포 벌개 봄밤 청의 친손 희빈 ##asse ##oder EXE itu 김기종 끼쳐서 마르탱 매겨졌 소트니 송종욱 스케쳐 시나노 오르반 이태백 장치장 조르바 ##책임회사 2419 3002 SERI Yong 던집니다 스파이서 차나칼레 ##antage 미시시피주 소트니코바 Maritime ##Ph 갈근 검암 백탁 비매 삐끼 산외 신족 적요 진소 편육 후주 ##락부락 ##Care ##asty 계란찜 김학주 닥쳐도 만날지 말려도 물세례 삽니까 안전원 이해영 정예병 크로거 프락시 헛디뎌 NSIC 기다려요 노닥거리 오버래핑 우락부락 쿠로사키 Birth 모른다면서 Liberty Capacitor beatmania ##종사 ##eme 네셔 로안 비플 염체 카요 희락 ##사유상 BUS 감정사 구봉산 대식가 몽유병 수호전 순천만 어보브 이후락 최루액 풀려야 프라도 Pred 통신위성 mhsuh 반가사유상 004800 forget ##bee ##cer 공권 두란 몸져 에투 엠알 턴데 표단 피움 cwb 메이비 백군기 빨랫줄 안익태 이재근 쳤으니 치매증 파비아 표선면 흡입기 ##icity 3001 Edit TEPS 샤를로트 강남구청역 스카이다이빙 ##emporary Disease ##지순 군문 진봉 화피 휘날 ##anol CAB 강윤구 김정란 망상증 번진다 채굴권 황영조 후줄근 ##임시정부 ##iolet ASTM 끝난다면 아이리시 옥수수수염 square 유한책임회사 클라우디우스 ##dam 고내 과창 동가 링북 막달 박셀 수불 연년 오건 장돌 적멸 점역 측두 희유 강신욱 네다섯 다친다 맥도웰 불규칙 시키지 유리알 이용정 주메뉴 참전하 트위스 호프먼 ##oshop 나파밸리 복식부기 지고지순 Twist 베른하르트 텔레포니카 Walker Ethernet ##다큐 ae ty 거재 길재 드빌 런들 비량 졸작 종산 차화 쳐지 탁방 하유 흐엉 Arn BRV Ful JSP 김미연 김상기 내탓이 다매체 대원사 보두앵 보행기 수박씨 심해저 알로하 엄용수 오오카 타코벨 편해질 피워서 ##이동통신 3610 CPPI 알려졌었 요시유키 이화학당 뉴클레오티드 Healing ##단장 ##에게 고퀄 따닥 바요 베냉 복간 센지 잭니 점화 창학 촐라 ##스파이 ##OSUN REM STD TiO jsa 달랜다 뒤엉키 베이츠 스타키 식수난 장석웅 전해온 종사상 2086 4130 는다던데 플로베르 ##베아 ##유행 ##퍼거 견차 유에 파두 협대 ##omon ##quir 가면극 기왓장 기장읍 김동명 김화영 다고라 뒤바꿀 레이아 신성철 왕새우 이승민 입천장 지원이 천산갑 환시장 3710 cold 눈물바다 profit Philosoph ##무후 광판 내파 영순 재담 페쇄 LMO NSW kgf 기호품 김수철 김희성 마나카 반개혁 서재덕 이규성 이재연 인갑다 접속사 취해온 츠요시 학익동 2325 다다익선 아스퍼거 이매뉴얼 Initial ##네일 고규 광식 류형 변대 봉암 북삼 애거 은들 일역 입센 진조 처막 학평 행어 ##west PNS TGV 강재웅 두리안 사유림 수내동 이성진 이음매 제강소 바락바락 쪼그라드 측천무후 Testing ##나디 ##승수 감아 등애 막기 망식 운보 젊잖 코터 펜팔 혜산 BoE ltd 관계국 권고문 김이나 노부인 수양딸 조성아 주철관 화류계 BaaS Mann pull 기리보이 마르셀로 서브웨이 수줍어하 다이나믹듀오 ##GEN 데치 로닉 소은 CEC Das 공영운 바드라 상봉역 안덕근 윌킨스 이기원 이상시 이은경 토사물 협의안 Info NFIB 엉덩방아 nafta 가리킵니다 shadow 잭니클라우스 Victoria ##블라 ##탁스 가유 네유 동녘 발짓 오은 지먼 코넷 ##다랑어 CTR Sou 김태군 납니까 뜬다는 못한데 사양길 사육제 신천역 아즈미 임원직 징계법 카라바 황룡강 2142 2722 드러누웠 북가좌동 종로타워 201811 ##iversity engineering ##르도 고중 실눈 안거 요와 용답 임규 제학 진문 켈라 코테 텍셀 화롄 흥기 Has LPC 다면야 만났었 박주원 배상안 상품화 수도세 슴니다 시이나 이문호 정남향 지도서 최영준 통신전 KISO 아시리아 양지바른 표준물질 프레이야 훗카이도 GROUP 신시사이저 Blended ##비실 ##혜리 ##phi ##tel 강안 곱상 구습 설유 실련 유탕 으응 중탕 참한 터야 화체 흠씬 EWG LET Spa 건너뛴 구본승 김경석 김치전 라코타 맥케이 박근령 소년부 쉬워도 호리병 2097 SKMS mile Kelly React 텍스트큐브 ##갈겨 fd 목통 오며 초평 클지 토후 ##버배치 ##불십년 AID GTT IDA Ord TAI 곁들일 김흥수 대두박 덧입혀 뒤덮이 서정희 왕만두 왕웨이 조인스 좇아가 학습서 COLO DKNY 가시덤불 너그러움 시킬라고 죽마고우 호문쿨루스 000100 Football ##소르 Xs 긴말 김칠 다차 동암 멀록 빼오 상문 순산 쉘리 용검 웅담 찬우 침강 한촌 FDD THK 고가주 빠트릴 세이라 에베소 일벌레 최재경 패널로 ##endar Copy Soci wing 비실비실 하라주쿠 071050 Potential WN 누고 말래 세뇨 열네 태훈 KAM Lil 가위손 곡선미 곡예사 권순우 말동무 석남동 엘리오 청담역 청산인 체호프 호호호 ##etics 4380 Belt NEIS Nova 권불십년 길가메시 늘어날지 대주건설 모차렐라 보드라운 용의주도 지낸다는 Bruce Scope Orient Instrum Columbia XU 닙스 대편 독배 시옹 은채 차크 천광 태부 혁기 혜초 ##icit 공공선 대성황 마이키 송사리 아루바 앞사람 유세차 이용철 짓눌리 Gent Lact farm volt 돌아갈지 위험인물 카츠라기 클레멘트 우크라이나인 ##겸수 ##우기 김항 두쿠 떠다 목기 버링 브런 수철 주곡 PRT STT fca 광주군 김남구 김성제 맞물림 크림색 포르트 Jeep 기계설계 봐야겠다 아가리질 하와이주 robot 캐스케이드 낵 ##OPE 매워 뱅상 실주 옷매 유숙 창평 ##THER FAS Ign PBL 경찰학 김종환 끼칠지 드로즈 아까움 이상운 토비아 ##스파이크 ##jamin 5080 Frag Scar pent teen 간선버스 겨울바람 곁들여진 컴버배치 install pressure 로번 모화 생황 성림 작계 흐루 ##노모토 ##트랙스 SGX rap 가스총 간부진 나발불 로크웰 모더니 보스틱 수성동 수험자 염산염 이영욱 정현수 촉촉이 피살자 0419 EFTA 고래잡이 디오라마 학여울역 핫트랙스 해버려야 모더니스트 산타마리아 전해집니다 ##vereign middle respons sharing ##ois Bq 가합 량제 육동 은선 음낭 춘화 충복 캐벌 포에 항량 후열 ARP IDM 남남서 두정동 명령자 범죄지 외출자 원진아 이대희 이들리 인사법 0199 2309 2345 Cock QDII gene 가미카제 공기조화 금치산자 석가여래 열하일기 졸업앨범 Fleet 돈스파이크 에델바이스 Alibaba ##뉴월 ##댄서 ##메일 ##야독 ##장애 EJ kv 개충 교례 껴들 때깔 로노 보링 북창 창정 해줬 ##소개소 ##rage CFU KSF 거문도 대기표 소격동 수리남 슬개골 쌍심지 오성진 음력설 지네딘 타민족 포풀리 풍수해 한용덕 헤어핀 홍원표 fake 바르가스 주경야독 참다못한 직업소개소 Request Password Maintenance ##Ra ##upe 계금 구황 기직 동망 동모 명법 문망 생균 식분 자술 주내 콜벳 홍금 ##레이만 ##아지경 Eug RAV 김학준 남성현 뒤치락 오뉴월 윤서인 이윤성 잦아드 정태근 치지는 카로틴 탄생일 현대어 XIII 몰아간다 무아지경 복무규정 아키모토 LiDAR 078930 ##iversary PROJECT ##ICK 걸지 명천 므라 미색 벽안 빠오 석해 송월 역귀 왕중 웃간 춘삼 펑션 헨릭 ##ashi GTC LDK 강줄기 거쳐갔 누빈다 로보스 메인스 베라왕 알비노 예쁜데 임명제 콜렉트 파로호 6990 격자무늬 아구에로 얼버무렸 욱일승천 Lucky MMBtu SIMPAC ##urb 간화 던짐 용한 황중 회안 ##9130 ##iled BOS Bin SSA 기동반 닥나무 도봉동 루커스 문명국 변광성 부닥친 연가시 일지매 종달새 해버렸 ##icker 극락왕생 말레이어 윌리암스 STAGE production ##베기 ##idu gf 갈현 루안 미크 봉서 송담 위할 치량 ##통행료 그로시 뒷덜미 위장약 접해본 제이유 ##개발기금 9405 드리워졌 즐거워야 radio 벌어진다는 혼잡통행료 스탈린그라드 타임스스퀘어 Flagship Consulting ##텐셜 납짝 버먼 시몽 어럽 철화 DPC EXR vpn ᅢ끼들 낭만파 뿌리칠 사그리 슈어저 스피돔 용가리 일리야 제니트 최준호 0791 2349 3820 거린다는 상판때기 영동대교 해괴망측 bclee 드러난다면 아니한다고 주어진다는 american contract ##출판 ##720 ##HAM 고변 나염 득과 서황 쇼날 울면 ICM 경계석 공업국 그으며 마리노 물들일 박겸수 베스코 봤으며 아니꼬 안치환 양경숙 이동환 이상근 질그릇 튀겨서 ##ippon 2103 2233 ##ribute bloom 사우스다코타 Eclipse Futures ##자크 경업 공강 낼려 범가 쇼부 유과 종짓 채제 하창 홍매 ABP MPA dip 군검찰 마이리 야심가 양어장 양정원 얼룩덜 음해성 지워질 크롤리 2145 Gree NIKE cock 배롱나무 센티멘탈 조작조작 주절거리 Border industry ##col 걸포 겨눌 쇠똥 수음 아달 연격 워십 청상 최찬 타방 호과 ##ases BCA NEU Ost awe euv lcw 김록호 김진철 데레사 라미스 라이라 바운티 박광태 반공법 보안경 야탑역 얽매인 이만우 평촌동 하천법 홍백가 3430 Canc 마르퀴즈 브루셀라 얼룩덜룩 일깨운다 종종걸음 russa Capture ##돌리 ##작약 강규 본식 암실 옥씨 인설 중좌 직강 코듀 페와 허참 ##도르핀 ##icus DAO 김명준 백련사 서영수 수선공 아말감 전국지 토니상 패대기 후려쳐 prov 나무뿌리 내레이터 엔도르핀 코듀로이 쾌락주의 Brook 게이츠재단 드러냅니다 들어갈수록 gender agreement intelligence 광흥 득남 산월 외솔 임학 차산 천곡 호군 횟불 ##파우더 FSS JPG bot mhz 도곡역 세드릭 염리동 외사촌 유우나 인터엠 일과성 홍현희 Sang tube 금관가야 채무인수 친할머니 공동체주의 ##intendo Export neutral ##칸토 거개 경평 나홍 노식 눈쌀 덕우 법왕 빈즈 우뢰 자근 참소 해월 ##두구육 far 김선덕 료헤이 매화꽃 바기오 부전승 비벼서 언양읍 울려라 잔칫집 찰스턴 퍼텐셜 BOOK GGGI 가로막혔 금강공업 카르복실 프리츠커 향합니다 휘청거릴 ##ecture 무너진다는 쓸어버려라 003600 Duration ##ᄀᄏ RL 담체 매야 어네 얼루 재교 페럴 페카 표구 혜교 ##시오날 가스사 김복주 다면체 미개국 반도핑 불가지 운반체 이우석 즈베즈 파브레 판매기 ##라마바드 2117 2296 3690 Lens nano 나시오날 이역만리 제이비어 basic ssyoo 비공개회의 심부름센터 Cluster ##EO ##Fe ##완수 ##ahu 군권 느냔 등하 발우 실매 응봉 전데 젠가 졸였 초막 타포 해기 해볼 허창 후포 PvE 군주국 내외분 누르기 미니미 별생각 부쳐야 비자림 야스코 이병도 이오나 커피차 코멕스 핏덩이 2146 3590 6611 Grey Jeju 양두구육 에이펙스 여긴다면 ##motion Blind album 과대망상증 215600 Native ##bf ##een 거덜 관작 교방 구노 성점 좌정 쳐낸 추병 ##마라톤 ##Bank POL 간부직 강승윤 구자용 기뻐해 베르톨 수라상 아바나 암호명 이영철 퍼줘야 늘어져서 벨로루시 부어오르 통화승수 농심홀딩스 ExxonMobil Flattening ##제스 ᄁᄁ 금태 기담 밀지 비쩍 삼종 후론 ##dale Deg oot sus 김상돈 도매금 뛰어왔 박노해 실속파 양주군 이타오 이희성 Echo kind 들어갈까 역삼각형 Bubble ##PIC 계육 고락 문유 베너 상월 약우 양왕 엽사 영항 화과 회정 LMC XXL 김정아 김태술 오카베 외나무 인후염 하이머 0075 KAMD 민사재판 병인양요 헝가리인 아지노모토 외나무다리 Yonhap 한전산업개발 ##루가 ##타클 ##uzz 구공 낱장 동근 별밤 샤바 쉐브 시면 좁아 착탄 환초 흘끔 nan 구기동 도제식 따져물 맥그로 바리아 애니원 애슈턴 이선화 주종목 청계동 최순호 최흥집 코볼트 테그라 Diet 긴즈버그 돌아갈까 심야버스 쏘아붙이 이뤄나갈 페네르바체 하프파이프 England ##ESH ##oya tj 감과 꼽추 노용 벨파 보덕 선팅 웨비 인저 큐커 BSA NRG 가리킴 김민구 끼워진 라미아 문부성 바다위 쉬워져 심진화 열려진 지나오 찹니다 ##국제도시 2095 벨파스트 흐리멍텅 Carol 마르가리타 에로티시즘 좋아한다면 Donald Fantasy knowledge ##륵사 ##젤라 김활 독초 목란 소곡 스먼 위했 차료 찬석 탁해 퐁퐁 행기 ##식회사 ##stra BAB TEX iPS 남모를 뉴칼레 당상관 비유기 빨래터 소정방 이뻐요 이항로 잎자루 정찰대 하이쿠 홀리스 2276 jeju 스펙타클 절뚝거리 ##국제도시역 Sugar catch 아스트리드 beyond 뉴칼레도니아 청라국제도시역 ##신명 ##칸트 Pb 곡수 광축 마령 성암 승문 에제 진야 쿠소 ##늙은이 ##밤나무 ##쥐페리 ##Name ##enna LDI NYK 김태욱 도시코 문대림 물세탁 복정역 부자유 서갑원 심동섭 유종우 조리기 주기도 최제우 허울좋 홍수아 0259 2165 다운스윙 알트리아 Foods 평화민주당 DESIGN Legacy UNFCCC collect ##착률 ##퐁당 경허 대곶 떄는 발차 설망 양림 왕윤 자호 할가 홍등 ##자이트 APU BSP FMM LCA lck 괴정동 기대선 김만복 노력파 레오스 서예지 신출귀 이강국 전승자 조직망 타쿠마 피해간 소리친다 취한다면 Cargo Purple 이슬라마바드 Chevron ##래야 ##레어 ##RTH 곡학 산설 암막 양의 왈리 쩍쩍 콥스 통량 현량 ##한강로 KSD NTR Nap gar 김병근 나카이 박철민 사자기 사치성 정물화 2211 2373 Funk copy fant 귀담아들 다카유키 쭈글쭈글 kodex 김포한강로 동예루살렘 Bottle Creation vertical ##복희 ##절도 ie 구완 모충 생인 실가 준치 ##퍼러리 loc ᅢ소리 김진용 남서풍 는다구 무손실 문제기 번식지 상업자 엘사이 이마루 이민화 증개축 2803 3960 Answ 어지러울 얼쩡거리 퐁당퐁당 Staff 거두어들이 Moment 압축천연가스 Bernard 너절 방새 소콜 수놈 최춘 캘커 태용 ##6120 ##note LSK 그라믄 기브스 농담조 도원수 독생자 라자냐 로렌츠 신상철 전재희 총결산 카시아 키호테 탕평책 홍건적 ##visor ADPi KISS 덴마크어 최다니엘 ##agnost 가르칩니다 살펴본다면 컨템퍼러리 Chamber justice ##산도 ##이입 고골 누렁 바냐 뽕짝 샛노 수택 정택 치은 탐침 ##도토스 Gon ISI 낯가림 비켜나 안국역 입소스 자릿세 HIGH REST 깎아내렸 돌아와도 욕구불만 위안거리 Reduction ##지들 ##bnb 레넌 밀대 셔벗 슐리 원력 짜를 ##로이카 Fuj via 교양인 금자씨 김상윤 쎄라토 아스테 야니스 적막감 주성영 직관과 하이메 휩쓸렸 Epic 아칸소주 즈베즈다 offer 018260 hybrid Capesize ##분포 ##조곤 경판 고디 과급 군당 근호 금니 남위 도랏 동짓 사군 승학 우봉 월송 전만 AGM 공랭식 그림판 김준규 깡다구 라노스 리프킨 명지동 체신부 카이퍼 태사자 프라우 핀다는 하라리 행정병 2116 2147 5520 Leaf SHIN saas 가타카나 내피세포 들이마셨 자산어보 조곤조곤 돌아다녀서 박테리오파지 Recession 릇 ##무로 ##서방 ##커버 ##ooo Eu GJ 목소 발데 예학 째지 한실 ##계리사 NIP 교외선 박은빈 백댄서 소사역 소화관 오퍼스 이종근 임우재 조만식 주기장 중세기 최한기 콘도르 콜타르 2202 pain 긁어모아 민중가요 사들여야 이중간첩 보험계리사 Municipal ##증서 개활 국진 금가 벗길 병서 야그 월스 은해 인허 일발 카차 티에 패디 갈아먹 강경훈 개수대 개인상 구리광 기름띠 김형민 내렸었 사가정 세피아 송갑석 시집간 암바토 애플렉 여의대 임경업 정나미 채무국 컨츄리 3920 chem 도망쳐서 두리뭉실 일지언정 쿠퍼티노 하월곡동 로맨티스트 036460 September ew 매판 맥콜 안점 양읍 언중 에오 잡졸 종고 중광 ##튀르크 ##파스칼 BCP DPT FNF PRS ZIP 고효준 김병로 김창현 논바닥 니베아 덕풍동 레예스 바르바 불화살 사자후 수색동 외숙모 유수프 이진아 조윤호 중년기 태양초 한지붕 헤브론 황인범 ##복지재단 Gain shin sung 죽일라고 드보르자크 Palace according ##갯불 ##대천 ##etz 규민 근영 범계 소무 솔빛 술독 알터 예울 익현 착과 할만 ##사이유 ##NING ##ilde ##osan GTF 두오모 송원근 수간호 신륵사 실상사 암호문 어려도 에리나 울렁증 이의경 정무원 최수진 최우영 6309 TICN 라파엘로 스마일리 시베리안 신출귀몰 프리스비 Brief Tracking fundamental ##녕성 ##도라 ##전드 ##현미 강효 군행 데칼 루고 버킨 왜선 으매 임당 제령 코버 탐탐 호벤 다그쳐 동삼동 뭉개지 번갯불 선대인 수동형 오영수 요녕성 이현상 저질르 채워도 학예회 횡단면 3540 Tong 마에하라 소기업소 스키피오 읽을거리 베르사이유 ᅳᄏ 그담 닝샤 불일 살색 오덴 템즈 통깨 퍼렇 ##몰로지 ##쉘석유 ##chem lay 강유미 개울물 김태윤 김태정 느림보 매실주 온천천 이해인 조세핀 최동훈 ##inter 3115 4140 4240 날카로웠 휴먼다큐 LOTTE 노동조합원 되돌아봐야 바베이도스 잘라버려야 ##avy 견성 루핀 방태 보개 슬랩 입궐 코발 타군 풀썩 IQS TNA 고정익 김경배 김기선 김유림 낙제생 노리오 스와니 심은주 아마디 에우리 장세용 주절대 지겨울 찔레꽃 평교사 형태론 홍대표 4890 BANK 슬랩스틱 집어던졌 프레더릭 하늘하늘 HAPPY Sigma tight 국학진흥원 한국쉘석유 VISION 신원종합개발 Speaking Mitsubishi ##미국 pn 금언 반관 순비 집고 추납 GfK Mis 김진동 소하동 슛돌이 식사동 용주사 장재훈 황철주 5008 보살펴야 에이리언 three Lenovo yellow university ##gn ##코시 관혼 단고 영스 임근 잠글 파닥 효부 강기훈 김학래 끊겨서 내걸린 막둥이 못다한 바이아 배불러 속기사 약한데 웃어른 원종태 이재철 이종인 장성규 정해둔 Ment meet 물리쳐야 부전자전 영어사전 잊어버려 천지신명 KADIZ REACH 클리브랜드 한국전자전 Matter Pocket bridge Vf 면체 목양 중벌 차아 특은 페코 학처 훌리 ##네프린 ##비스트 ##한민국 LDS lil ncc 매서웠 머리뼈 무뎌진 생착률 수그리 이지윤 이현세 임채운 장난아 제주항 조정부 턱받이 ##높이뛰기 Earn Tube adas 들어야만 리크루트 보호법익 Harvard ##카운 ##bye ##ket 도졌 메릿 무두 소후 스윽 엘름 운위 유간 익면 지손 추봉 측실 ##병아리 Seb VAL 대천항 대화체 도호부 미라주 쓴다며 우라칸 이채욱 통할지 트리톤 2504 된다더니 반월당역 양조간장 Prize 드러난다는 fiscal ##릿대 ##차이 ##tar 라루 쉬크 이듭 파테 프아 할끼 해파 허실 ##다리미 ##본공수 KES 계산동 김장환 김정문 김태식 김호영 나토군 난연성 문선민 보아스 사가현 산야초 산투스 술렁였 술버릇 심사자 에스카 이덕형 절대량 조여원 중노동 친생자 커피콩 크롤링 통제영 폴라니 ##inton 0056 Maur 관리회계 마카로니 20160 전일본공수 Bullet Jordan string ##END ##egu ##uxe 강무 개겨 리산 만포 불하 섀키 시하 임목 체언 초커 촉석 호브 ##1080 ##Wave ICP NPV 공구리 권영준 우러난 출장지 Sier plug 내버려둬 들린다는 보험증권 ##ceptor 16000 ##DNA 광색 김균 남섬 맹동 스탱 여풍 좌향 후퍼 ##iago MPS Zhe wef 감광성 경량급 날려도 내디딜 내보인 릴리에 배추밭 법흥왕 서글픔 수북이 아문센 알리샤 원발성 이의민 진태현 크로켓 환투기 황인종 4880 옵션계약 Hands 086280 253450 Wallet Missouri ##가니 ##까짓 나구 나쓰 누대 외일 체열 카멀 하거 ##니코프 ##클라라 ##erto FLY 글렌코 김영덕 나사못 덧붙일 모이라 섬사람 이진석 잠긴다 토바고 8288 Soph keep 마디마디 생각건대 이슈타르 전국철도 FedEx KSTAR ##찰사 구를 레마 류전 박목 뷔르 신숭 심체 역필 웨트 칼침 크렌 ##보일드 ##핵생물 BIA Hex ILS 가라지 가져옴 김미정 몰트만 밀수품 백설기 송상현 이용현 이인재 인창동 장교동 정문헌 정세운 정창수 진서연 항변권 ##orgon 3740 Crew ster 끄덕거렸 밀린다는 오크우드 입방미터 출판업자 해야겠지 eswoo 하드보일드 ##계수 ##고니 ##닝스 ##빙고 ##tek 구반 날줄 수씨 테테 함창 ##들랜드 그라츠 김경중 높다란 마즈다 민형배 백승주 우세종 운동자 이동규 이승건 장재인 잦아든 정규전 최경희 페이머 한상진 KIDS 슈퍼차저 하야부사 069620 ##yte 가버 규동 몰레 부공 속시 시왕 아범 압부 없앰 카달 하왕 호공 BOY 강석주 경보병 공진기 공항세 교례회 북부여 분권화 빅마마 수렵장 실천가 클로에 피임법 회피성 ##akers Firm 기한다는 꽃놀이패 레이시온 페브리즈 Dutch Taste 봐야겠다고 헥토파스칼 ##chester 글리세라이드 creative ##표준 ##ixx Rn ni 멍거 열탕 증열 ##adal ##more ##uity Ein 고유종 단열성 당겨질 또아리 매곡동 연습량 영업세 이진경 접합체 토미노 헤수스 OSMU dock 도우려는 매부리코 벨리댄스 콜로니얼 행동반경 Steven wealth ##보아 ##쓰비 자혜 존리 주통 Cav Maz 낙엽송 똑소리 밴텀급 여사장 여성지 이호연 자베즈 카를라 코즈믹 크라임 하계동 ##ibody Eliz 기로서니 둘러싸이 뛰어나와 삐뚤어지 엠마우스 Quart Sword 나아간다는 순두부찌개 ##연하 Qi 버브 성흔 악도 약쑥 위노 행대 Cob PVE 김백준 박영숙 보급로 쇳가루 숨어든 야오밍 이태오 자더니 함세웅 호시절 감정이입 모모야마 요시노부 으셨다고 ##드림 ##일퇴 ##지적 iQ 가프 곤조 글감 남민 머튼 석세 암중 의녀 젖혔 중강 천애 폐습 흥했 강변역 나눠가 나환자 대사성 대퇴부 마르카 박현욱 비변사 사출기 안태훈 오영호 오호라 이두희 이정렬 장시성 체사레 2232 2467 GLNG Ster 국제시장 시집보내 아야톨라 일진일퇴 카르다노 Kings Thread ##perature Cultural Heritage ##db 권함 나디 넌덜 매분 상허 생텍 세익 씌인 윤중 카민 CIR 가위질 군주론 돌려먹 무용극 박서보 서양사 스와핑 양아들 에리코 일람표 중전기 톱기사 8080 byte 키리시마 Baker 프리캐스트 limited ##DT ##내륙 ##ICI ##POA ##Pal ##uka 경료 농익 단들 봉원 삼안 앙칼 약본 풍남 ##ENCE 권철현 도피성 레쓰비 이인화 임슬옹 전통미 하바나 해서일 2154 4530 even 미어터지 백전백패 솔즈베리 프레스턴 ##eshold Tools patient ##젠트 Ms iq 달레 매전 보터 사벌 송계 원모 월일 익선 키안 퇴고 핀토 ##카운터 ##List Had KWh RAC Raf 거제도 기마병 류화영 변양균 예비안 우타이 제례악 풀어진 비상계단 지표조사 STORY 거추장스러운 상해임시정부 카세트테이프 안온 양껏 오랬 챔질 코기 EQC 고학생 국영화 군대장 내버렸 리누스 만촌동 박세창 보치아 쓰러짐 이순학 카페이 캅카스 토토로 한방약 ##ulder PEPP 임용권자 중부내륙 진짜배기 limit member 한국교육방송공사 Autonomous ##니안 감곡 경승 골간 능대 단술 서국 손패 젖당 청크 카친 rom 관광용 김만중 깝치는 는지도 미우나 여경협 원당동 이원근 정재용 주르르 차남규 추념사 7330 경남에너지 물러난다고 밀리암페어 이뤄지지는 ##개혁시민연대 cancer ##이랑 두두 로린 방하 베노 복토 성약 순제 신업 인빈 컬프 하벨 한프 행서 헐거 ##흘리개 ##NDEX INV UBI hee 김재은 려나요 매출금 샘플러 아티카 올리타 은방울 이석주 제의하 조종간 침략군 칼리아 해양학 ##ermal Kenn Sull 맞아들였 뿌리채소 쳐들어올 페닌슐라 Vector selfie selling ##노지 ##지화 ##Log CZ 가독 경모 넛츠 멘사 외간 웰시 하식 ##미사변 Aco DAP 경제법 고세이 공동작 기울임 단섬유 랜돌프 모슬포 백내장 부정합 생강차 송창의 타시스 트래핑 3003 3790 4340 샤르도네 을미사변 키워나갔 ##RATION KeSPA label 블랙이글스 German provid 데이브레이크 ##Ed ##동갑 강방 계화 굴원 권명 기족 내증 모판 박공 브럴 스민 심유 안궁 안조 영파 제서 주울 창남 출선 치호 티그 틴토 ##기상대 깃들여 신선대 용해도 전도체 젓갈류 피난길 픽시브 하바로 하주석 2635 mask 로즈메리 pixel 다가갈수록 프로비던스 Indian expect nation 하바로프스크 ##시기 ##자연 나졸 난하 내제 스탤 우점 칼둔 ##발리볼 ##코마니 ##este IET UBC 교황령 독촉장 북극점 브루니 시니피 윤진식 이원태 패딩턴 허덕였 BIOS 되새겨야 산봉우리 잔여재산 데칼코마니 비치발리볼 Rising 깨무 들창 알류 요니 지설 캐번 패총 ##Rock ##acht JDI 김광식 매덕스 박동원 보온재 쇳덩이 이현진 심야식당 아다지오 안쓰러웠 트랙패드 호연지기 Teapot 브라운아이드걸스 Appliance ##fts 로멜 번드 삐지 삼사 양춘 엄궁 Cyt adb bud 되뇌이 박대영 서지수 스터리 위성곤 유실수 이근영 정우진 조영래 주석서 중국학 처진다 패자전 황민현 ##크래프트 글루탐산 기념주화 기차마을 뛰어내릴 문화공감 스러워질 ##pillar 셀레우코스 ##용사 눈요 능화 둥팡 벅찰 설해 옥분 유르 장약 쪽문 택사 ##도깨비 ##독립당 ##돌이표 ##엑터스 ##카마호 김광일 돌본다 못해왔 블로썸 소립자 신세돈 저압부 정일문 철가방 체시스 팔달문 도돌이표 마쓰자카 상이군경 솟아올라 나무엑터스 아이스테이션 portion ##타손 ##CAF Sv 난산 난안 배금 본딴 신본 울브 자데 켄신 ##육면체 ##하는데 JIS Lis PMO lif 강의식 김윤태 이유라 이제현 장안읍 찡그린 카락스 회전익 2164 2258 한국독립당 Please Floating nr 가협 개병 게코 달짝 립지 링어 망년 모굴 삼순 시런 유불 자방 조효 최웅 호니 ##고속선 AUD CLG NOT Nag Try 강습소 다중화 변혁기 석관동 아르세 어깨선 응급차 이원수 정수현 클랜시 탈출기 핵의학 회원증 LGES 공중도덕 매니폴드 운송업자 ##rative 안티오키아 페스카마호 matrix 그레이하운드 Yonhapnews ##어낼 ##치치 곽대 맑음 매산 반준 봄바 봉긋 산영 쌈닭 첨사 ##addy LGC Yan 간석동 껍니까 낼수록 녹두전 롤러스 마니산 박은영 부탄올 시달림 시스틴 주룽지 풍선껌 ##shine 0032 2312 Arom 끝낸다는 모릅니까 수간호사 이마가와 충무로역 카탈리스트 Inspection ##이코 ##탄면 나제 때워 만상 뱀부 포텍 AIC 강혜승 골라냈 데어라 무역국 빌라스 여보게 이종성 줄께요 태워다 2073 Hugh 다다른다 암페타민 주크박스 키리바시 medium secret ##원칙 ##즌스 ##LAY 덕종 리발 메어 밍밍 아욱 외서 절식 쳤었 고덕면 김원희 김정선 농화학 담겨야 문명인 삼차원 손병호 아케미 운동기 윤갑근 이종화 장충단 조현정 크로싱 훼밀리 2071 2782 3777 7420 스페이시 싸웠으나 크레바스 ##참찬 왕겨 잔망 저미 직매 층상 쾌도 허매 ##노니아 ##토리오 ABI AIT Gor 강승원 광무제 김형중 노태강 돌아앉 리츠코 부쳐서 살상력 양수경 에닉스 이응복 한의약 했었잖 ##izard rich 저녁노을 Chung 끌어내려서 끌어들인다 오라토리오 philsu 장대높이뛰기 2017726 ##FAN 북산 브락 성식 아형 재품 하룬 헌릉 희준 ##바니아 Kay TPM 메리아 목축업 번득이 보내기 석회질 세제곱 이응주 파브르 ##ithub 0026 2436 3830 4620 Brid kiss 간첩사건 스타제국 영천시장 코흘리개 먹여살려야 ground ##구식 ##Gen ##oka Oz 갈께 금와 기똥 화운 SAA abl 가해왔 갈대숲 눌어붙 던지기 동훈련 문정원 배기관 북받쳐 비긴즈 섬멸전 소환권 최규성 카오산 흥행세 0332 2295 4210 vers 과잉보호 까다로울 인민군대 철권통치 드러난다고 승정원일기 Domain 보색 사테 우강 타상 헛날 ##rics bgm 강문석 기막혀 김인태 나스카 높임말 다리오 메이시 물기둥 바르디 박범준 박승기 셔틀콕 수용력 안단테 정몽진 코베아 2485 소꿉장난 창작동화 ##intage JCPOA 아산화질소 Career adjust Gartner ##hl ##케라 ee 가눌 곽병 논둑 데지 옛일 오어 유축 제력 화촉 ##크롬비 CAE 교육구 렉시스 로버스 물리량 쉰다는 신교도 야세르 연결짓 할리퀸 홍대앞 가솔린차 연상연하 중간보고 해피니스 허물어졌 SPACE 053000 everything ##기웃 ##ECO ##fan 개빈 그먼 모즈 미회 복조 앤스 위의 으네 재강 통법 팽성 폴란 ##aine PHC vac 과선교 구형량 김활란 니트족 던지요 문정역 미나스 번식기 부싯돌 불문학 이재일 잔칫상 정한론 최병오 한다만 0063 dslr 나카니시 오일펌프 올라와야 휘저으며 아타튀르크 247540 GLOBAL Rubber ##아서 ##춘호 계촌 께나 땡초 살람 새살 속자 캡션 코포 ##Star ##enzo EQS MNP McK SRC ram 구리역 김도윤 김준엽 김희옥 꼬부랑 다랑어 대칭형 띠동갑 뭉재앙 보살폈 아마조 오성택 운주사 지방족 청정수 최준영 회로도 Diff 데라우치 브룩필드 아카디아 초고주파 Russia Highway ##OI ##바틱 ##키즈 뒤짐 맞배 벗삼 씨줄 외한 유술 의절 통례 플런 핑핑 ##시네트 TSE Wol 가네코 가족법 금은보 돋아난 발전성 옹알이 이승규 임상종 장재현 추워도 평화동 PHMG Ware 된다든지 발라준다 피어난다 ##ECTION ##gorith ##ometry grade 두려워해서 아큐시네트 조지메이슨 Dreams 조로아스터교 금월 도편 배한 손준 식점 야할 용약 픽픽 호저 회공 ##atsu SiP pix 김경남 나이브 눈인사 별내동 와이트 용강동 정인선 조르기 증평읍 청초호 쿠티뉴 탄력도 피폭자 호지킨 화진포 2061 3269 3640 HSSI TRPG Wifi bell spin 시게미쓰 물리치료사 아크로바틱 SUMMER domain 관민 길쌈 맨다 분초 소떡 송소 키호 CCU NOP wav ᅲᅳᅲ 다면요 다바오 레스너 바쳐진 변진섭 시냇가 오현경 이호성 자연치 쿠르츠 폭력단 호사가 후부키 후한서 PROD Seas 불어닥칠 사카구치 전제주의 파블로프 ##mented GREAT circuit ##재량 Oc 단게 려도 민교 반액 졸릭 체능 KYC Woo 개러지 교통섬 김일수 베네치 신생대 심은진 아르스 안면도 전태양 카즈오 ##break ##ordin VIPS hair 공공복지 데스몬드 신미양요 SOVAC disorder Description ##설레 강룡 과이 밀주 보족 비충 이려 펜촉 풍길 허저 현궁 FIP 김상준 김재성 김창선 부쳐진 산동면 선이자 선정릉 신촌동 심해도 유병수 이용경 입단식 파리채 2343 heat 아리우스 오버액션 033630 Certified Institutional ##GP 상액 소좌 신매 아콘 우개 찌우 차열 청분 태무 희자 ##문화사 ##TOWN DOE 고아성 담석증 레비트 명인전 이상연 키로로 테무친 3276 Seal 넌덜머리 밀려온다 어루만졌 탐구생활 한국공항 ##swagen 헤로도토스 Sprint Theater ##Bl ##MF ##볼락 ##bra ze 꼴린 끝점 마패 만중 북좌 선근 승훈 커츠 한아 ##매거진 ##adel RFC Sud UHP epc 고탄성 국교회 김명운 김선기 놀이판 무창포 미정부 산내면 소성리 오죽헌 천성산 최여진 추슬러 퀘이사 휘경동 ##iring 2355 넘실거리 센티멘털 좁아터진 휩쓸려서 ##rition Jason Benjamin ##닐링 ##esp 극점 나빌 도철 루베 미론 바넷 은이 조견 지토 직동 ICU IMI veg 갈지자 같아졌 균일성 김우식 김정관 꽃동산 꽃피웠 내눈엔 니라고 류현경 리미니 린제이 모모카 복막염 볼래요 성수역 수유역 심한지 쫄쫄이 최재영 하우리 8282 돌덩어리 바르톨로 불러들일 실내악단 정치군인 Close Falls Floor Deutsche ##거라 ##110 ᅳᄅ 구료 국구 귀영 김솔 다누 단학 루퍼 부운 세디 에아 전규 전천 중금 화파 흡광 깨워서 대공세 레시아 박승춘 쓰여서 오덴세 오영훈 이카리 장백산 키라라 피로스 현진건 5940 달아올라 알리시아 우드랜드 카우프만 호암재단 고깃덩어리 삼성문화재단 ##나왓 ##일견 ##NEY ##USA ##ril ug 갈탄 극세 노적 련단 민전 삼황 위벽 있는 칙서 퍼러 행비 흑도 흙벽 곽현수 근면성 송골매 알테라 종암동 차지원 Styl 교육학자 금은보화 뜨거워서 부풀려져 불여일견 불편부당 사우전드 줄인다면 마우스패드 Eastern Thermal ##mu ##실론 경식 기언 별실 신울 욕기 입조 체서 CAF IDF SIL 김명진 놀려서 닭꼬치 들려올 배출관 사쿠마 소구경 신문왕 신민회 영산포 이도훈 이미나 일반도 임재현 재성장 차일목 치안대 2058 시어머님 의정부동 지났으나 크로이츠 특별이익 Distribution ##지하 ##카베 ##IVE 게송 근덕 김후 당빠 도커 락서 석순 언표 일이 장뇌 조슬 주후 짐짝 천녀 추로 혈변 혜명 황권 ##베르투 ##헤미야 ##helm SAE sen 강민국 고교생 김유겸 깨우쳤 마오카 무가지 소감문 안전감 위성체 쳤으나 치러져 해꼬지 흡수제 0108 2155 2424 6060 WLTP 관혼상제 나타날까 두루치기 빈껍데기 하왕십리 ##ercise ##urement Cookie Thanks country ##XA ##각수 ##발광 ##zil rb 곡천 망종 명멸 무권 봉무 순보 슈왈 스퀴 신역 연급 진눈 청미 통키 파공 판당 ##mund ALB CIQ EPR PJT nov row 누린내 따돌릴 라길래 만수동 버러지 베르데 부축이 선화동 애써서 올릴까 이영우 인기인 통신단 하수오 0113 CRIS Happ 그래선지 느헤미야 도드라진 들어왔으며 Cosmet Dailymotion ##디슈 ##지글 ##idi 과생 딩기 박치 벌브 순우 에시 재욱 쪼인 ##지렁이 Kaz tdf 김인주 니그로 다다라 디보스 마린스 의왕역 전혜숙 전환자 종군기 주판알 프라퍼 허영호 ##culus 9191 얼음낚시 폴리비닐 FIRST Script ##리본 거석 리얄 예령 익단 종명 중항 지타 ##크리틱 COF 개시장 목포역 바쿠간 박은혜 잔칫날 좌우익 프로펜 황연주 3460 3775 몸서리치 한국산업 해졌으나 Cream kipoi still 메타크리틱 브리태니커 goodchang ##DL ##tz ##천자 ##TAC 객담 검차 교탁 길들 노전 마북 무독 바첼 잡풀 주배 청태 팔딱 하삼 합설 ##inas XTM 꽃차례 남모르 스러지 윗도리 윤제균 이대성 흘러온 ##지적공사 0040 2118 4280 MEGA Sett 간다니까 국민정신 그런다는 기웃기웃 너그러이 끌어들여야 내동댕이쳐 대한지적공사 경근 난발 닮음 들떴 무회 숭모 앙꼬 창어 최휘 개활지 남서향 무교동 반응물 버밀리 부화장 수갑차 수정동 유승옥 저장실 페이버 6680 계약파기 지글지글 키네시스 통탄스럽 Charl ##ethylene Charter ##여해 ##일단 ia 국헌 길점 박휘 사남 용운 운해 찬기 ##ytic 감악산 감열지 모셔진 미크로 변태성 서면역 안규백 처리율 초가량 통마늘 5110 모가디슈 들으면서도 ##imental 039130 각외 병나 중조 촌수 후에 흑금 김수희 박우진 세이크 수선비 이일화 정순균 함진규 행해질 흰자위 ##actory Beast Blues Waste women 모나자이트 ##뒤집 건염 내아 데여 북전 상교 시천 연청 예티 위천 주환 지군 탄흔 TLS 공유화 김익환 들떠서 배어나 브리츠 전수식 ##itory 0190 긁어모으 남긴다는 변해간다 블라스터 사회의식 안동시장 안주머니 이수그룹 타임아웃 티캐스트 maker Infinity Military ##버글 몽트 발스 사류 사평 퓰너 ##8870 ##mont JCT OTM 갓김치 갤로퍼 김세훈 김준석 김진환 당께요 대화재 덱사메 라다크 메티스 박준성 씻김굿 유럽가 지미추 처바르 ##과학기지 2152 2229 Rein UNIT 가두시위 마리안느 삼복더위 크리스마 Funds Saudi 덱사메타손 SENSEX Warner 가벼우면서도 Adaptive critical ##가래 ##당원 ##CAD 결명 노변 니고 매초 모젤 안느 파발 향조 EDG Lap 긴커녕 김종완 네리아 로젠탈 리부팅 송파동 신현우 쏜다고 알려온 이병건 장영진 채제공 칭얼대 ##ptide 2425 따라나섰 번거로워 영도대교 크로스비 Charg ERICA pricing recovery 골초 데생 멸과 모본 몽양 선탠 셸터 아틱 이네 티하 회임 ##olia ##uhan HDA Pig dav 강된장 강원래 김상용 김우룡 김원해 물받이 서오릉 스티키 오동동 윤종오 초과액 트리니 플러시 하울링 하태기 하회탈 희망봉 ##uther ##water 2245 4110 east 그라모폰 대우통신 버글버글 실베스터 아베신조 어두워져 프리실라 Alive Frost 올리브나인 포트레이트 Install ##Te ##ugu 광상 도설 라케 레만 레빗 뱃대 자토 장색 종진 ##uten GIA Haz Ple 관통상 교보재 기어스 나른다 로리콘 박봉주 셨으나 유원상 중력장 지급인 초조감 친나왓 캘커타 프리텔 ##ables 2428 cann 그랑블루 블루리본 audio 일사부재리 Stress Comfort Formosa ##iq ##톱스 ##퍼짐 ᅳᅮ 될래 밀쳤 뽀롱 앙양 애송 권재진 김종윤 단체복 들으실 베네시 삼성역 이국의 이동률 장수로 정만원 제작법 주관자 최성호 파트라 페리스 훼이크 희뿌연 Perf 스크루지 장학퀴즈 조카사위 테러분자 CONCA 떨어졌으면 Ventures Replacement ##건성 드센 로쉐 루덴 방덕 방추 보훔 비쉬 일승 일죽 화만 ##샤프트 CBI CTD LTA URI 김용화 놔둬도 니키타 석회화 소도둑 솔직이 아네트 오구라 입원율 주진형 최양식 평상심 혐오자 ##테인먼트 2513 ipad phen 꾸밈없이 리라이트 베네스트 사정사정 오호츠크 즐거워지 패치워크 ##lywood Modular Regulation Television ##그랑 ##마속 ##혁신 광포 남청 러키 멜빌 북관 예경 젠투 중당 진식 청불 ##uart WTF 나홍진 노구치 레지옹 블래터 신종길 전승호 집산지 향일암 ##로나이즈 MADE 노보스티 야바위꾼 에프에이 자지러지 직육면체 후려갈기 Barcl MSNBC 포메라니안 싱크로나이즈 느뇨 면액 사데 이얼 탄알 표소 향단 ##fish Tae 김완주 노다메 벙거지 세탁업 아인혼 요리스 이경은 정구호 정상영 최태웅 2359 국제그룹 그럴만도 매그놀리 산정호수 패트리샤 Freud Leave 부평구청역 수리부엉이 Jacques ᅧᄋ 각류 강심 공족 관뒀 도명 맹획 별꼴 비모 삐졌 약호 여점 읍참 전판 출교 황대 LOA 관상학 구티에 김반석 낙관론 미뤄온 봉정사 수직선 인물난 적대자 조세법 2172 2223 2525 Robo mich 라이블리 빨아들였 설레설레 영웅본색 읍참마속 인사불성 크리미널 산소마스크 태어난다는 ##umption sensor Reporting transformation ##독증 ##불수 ##색시 ##숙왕 ##테마 LN uk 갈켜 달포 독물 솔론 얀마 참자 ##부스타 ##Play ##Port ##cell ##erma WCO kis 강기철 긴박감 김민혁 남포항 데스트 소동파 수궁가 스칼프 안택수 알루코 충숙왕 판친다 프랑소 형광펜 ##부스타빗 ##icate 불어닥치 write OpenGL choice ##를레 개석 데루 떠돈 문초 베테 실고 예가 윤우 ##공업국 Abd FSI XIV jae 교사범 꼬인다 넘어짐 류여해 서술형 습디다 오쿠라 원곡동 유스티 음란죄 이동금 이헌승 일당백 케이투 ##좌파연합 SPOT 곁들여져 봉건주의 치앙라이 신흥공업국 웨스트브룩 급진좌파연합 Nothing Migration ##동국 ##콘다 ##UNE Vl 기경 김본 봉함 양웅 용임 해냄 ghz 게르트 문질렀 바른말 박규리 이인좌 정보석 중간선 프로톤 0368 2411 CERN Left 개마고원 건너간다 아벨라르 안젤리카 쿠에바스 retail static Northern Operator ##Ad ##해영 라죠 자메 전암 한곳 흉칙 ##마리노 ##COMP CPP Liv Pax SSH 가그린 네트컴 노파심 미온수 세벌식 송산면 옹정제 이창재 장정일 정용제 청진동 충렬사 형성기 2059 4490 바라보이 이가라시 책임주의 카르티에 지속가능성 Component ##obi 둬요 베여 소평 육자 즉자 짜도 타에 판초 ##미온느 AKG KRI lik 곤살로 김영순 김진경 꽃피울 대부호 로마사 맥카시 밑구녕 보장정 부닥쳐 사가미 삼국전 아동극 자수로 증인석 취사장 코트니 타카미 팜비치 5210 wood 산마리노 어지러웠 연합통신 헤르미온느 ##clusive Safari implied Caterpillar ##ahr ##har 나관 내산 들오 맥고 썸씽 양효 와스 원피 일할 함씨 ##acer BYO Ens MKF 기부장 김태기 로구만 신경림 우스터 운전실 유즈키 제한선 주바이 페이탈 항고심 황지우 회기동 ##odium 3528 LUNA Linc Ruby 거둔다면 고다이라 들어와요 마그누스 부르디외 서베를린 얘깃거리 총각김치 베리에이션 Making Moving 그레고리우스 크리스마스트리 ##전문 덴오 동규 라펠 로포 바고 바산 비적 성혈 썸남 지복 케트 태락 패리 화조 ##직할시 Sns TRQ bab uam 김윤경 드레시 모나카 부영양 신치용 안지수 장영달 쿠니오 팽개쳐 표현명 ##anche ##asion KNCC ootd 대사산물 비행대대 어슴푸레 여우원숭이 CHOSUN speech ##building ##빌트 ##펑크 괴링 머이 묻자 올르 은미 장통 저치 채모 토랑 표나 ᅳ국민 고정판 기사당 김진국 나바라 부산포 빨랫감 송광섭 신대방 오자키 장택상 조인영 최종환 택해서 포고문 화춘잉 ##plant ##shire 4190 GMAC SIFI 구명보트 국제주의 목이버섯 수아레즈 집어삼킬 등지느러미 반값아파트 pandemic ##갑수 gk 곽가 들숨 러핑 메루 모한 쌍대 약콩 죽동 푸슈 BBA FCB Fro 김호곤 냅스터 노오란 레이노 양지사 지누션 지름신 초판본 한대도 훌리건 ##cohol 0314 0505 3810 7218 밴더빌트 콜드게임 크라우스 Chall stress ##산수 ##에듀 ##주나 ##헤시 ##EEP 궁기 내본 늘일 머린 상은 중감 ##카이치 AVC 견미리 공평동 놀린다 느낄지 다카오 떤다고 무찔러 베티스 보살필 요동성 유진섭 이영숙 크루소 2151 4170 Mint 뇌척수액 몰린다는 브루투스 속상해서 스트레인 영창대군 풀린다고 eBook incre ##respond things internet ##LB ##기시 ##참다 귀항 글케 뒤마 류소 맡김 반음 복거 잔차 죽의 중석 진디 탐미 김원식 신당역 에이씨 이수성 이태훈 쭈구리 한우물 jack 놓쳐버린 아나톨리 레지오넬라 Ethane Patent ##구제 ##단배 ##ITE Cs 네잎 다랑 도아 독경 막춤 백연 여구 의숙 자목 정임 정축 짜잔 퀄러 현내 ##사나이 FIN HPS SWC 검은깨 고급품 골든듀 돈바스 발전론 백제인 성형기 시실리 윤현민 코르넬 트위트 펑퍼짐 헤아림 ##케라톱스 ##템베르크 2107 ANSI Hawk 딸랑거리 방탄조끼 불합격자 스퍼터링 안탈리아 참다참다 293490 KOBACO MOSFET wonder 미크로네시아 성서산업단지 westjin Nintendo Directory ##신동 ##줄까 라정 몬스 세반 엘룬 왕유 제만 찡긋 회독 ##rait COR UTF UTG Vie 개업식 김시민 김재옥 드르륵 아트지 지바고 채병용 코스케 Cron Hann 그라피티 내려다본 만주키치 바오로딸 인데다가 ##강철 ##구간 ##늘보 ##잖어 ##조용 ##페아 문순 베도 병열 삼문 정악 ILI JLL SIV YNK cin mph 가정동 나인스 들이부 수로왕 숨죽인 알헤시 이근형 이전인 이형종 자면은 전혜빈 좌심실 중재법 타카라 터브먼 한예리 헤헤헤 황미나 acet 가마우지 걸렸으며 쓰였으며 카운슬링 알헤시라스 Butadiene ##war 거탑 들풀 떠지 무샤 미류 범의 사칙 센코 소과 앰풀 영표 오길 육근 턴불 툴라 ##크로스 ##fast ##ipei Zip gmo 남광주 네루다 들이민 무시로 빛줄기 서류철 서은광 애달픈 윤지혜 제라늄 조폐국 IGCC 빠이빠이 큐리어스 CPPIB Suppl 따라다닌다 진짜사나이 component ##어류 ##행성 ##fix 고실 김외 깜작 노작 동곡 룬트 보닌 비의 석역 성본 싼야 악상 영혜 행중 ##내린다 깔따구 도담동 미술계 박대성 발효차 양준모 이영돈 자명종 킬리안 특화점 호랭이 ##obile 금욕주의 벌어들여 스러운가 준비서면 흐른다는 COMPA sunny 휘둥그레졌 Forbes ##IQ ##다라 경칩 난포 맹성 응애 일재 차력 팽만 흑초 두꺼우 안승권 안재용 엘리너 이창현 2311 공정증서 국토방위 그랬다간 벌떼같이 뿌린다고 일자무식 close labor 라디오헤드 벗어난다는 죽여버린다 케르베로스 파브레가스 Aggreg profile ##munication ##보였 ##oof 광현 모게 세오 어비 우그 잡숴 투진 한원 ##roke Bry epa 고요한 동인천 박근형 신연희 아라한 이기동 이윤학 정윤모 행궁동 허준영 2365 2851 그리즐리 떠밀려서 비상에듀 Bible 케이티엑스 Selling Advisory sequence ##일본 권자 균사 노타 레뷰 암꽃 영득 재축 제길 큰물 함남 ##aman Anc 대구리 망우동 보급선 사토리 소요산 안동현 우스웠 조규일 천명훈 최영진 츄리닝 팡파르 흡음재 ##antom 2109 2127 2337 된다구요 삼장법사 옷매무새 채운다는 테니스코트 트라비아타 145020 medical Efficiency ##kk ##rd 가섭 갈변 감은 골품 소터 순손 시와 양유 와토 은도 잭맨 전옥 정풍 존상 종우 청지 ##6190 ##lebr ##ollo BTP ISE Pit TTC 과포화 그라민 눌러쓰 댔으니 문리대 반세계 발라내 분교장 순증가 야쿠모 양수진 에네스 오세정 조승래 최길선 최수영 파리시 허세홍 PERF save 무샤라프 크리스타 Digit Giant Route ##동국여지승람 페이스메이커 chemical Christopher ##UK ##XY ##골역 ##브러 ##hes 고림 님프 잇대 첫돌 츠츠 크으 특상 합착 항비 헬러 VEG him 권희동 김기정 김옥찬 망포역 미치루 선우정 성석제 소송건 아토믹 암기력 전포동 2173 들으라는 부영양화 쓴다는데 엘리아스 전남일보 호흡기계 ##스트레이션 ##ioneer Relig 떨어졌으니 001230 Frontier physical ##메디 ##ogg 개현 국숫 데운 샬레 소간 쓴지 야들 JVC NAD 고감도 맞댄다 발렌틴 방응모 않된다 어두우 최원병 팔불출 펼쳐라 ##althe 2268 2666 3530 REAL 뛰어나오 버금간다 시스테마 Brave Roger 올라간다면 Cruise claims 신증동국여지승람 ##Ci ##니켈 ##타야 레벤 새털 생채 성괴 여들 우조 웅산 윤허 죽변 토노 SAL 강현구 기마대 박재욱 아스키 원추형 자성대 토도로 팔릴까 헤어날 4330 내려놔야 높여준다 느꼈으며 데메테르 순양전함 왔으므로 흐릅니다 Truth 갈라디아서 commit android ᅢᄀ 감디 득의 벽력 복되 어공 윗돌 유송 초리 초읍 코뮈 쿤룬 판대 희사 ##hold JTB Raz dwt try viv 강승남 궁내부 다져서 대소동 명필름 바호주 병마용 사직단 살포기 상향등 수하인 시급제 아소카 유명해 유통비 장난칠 적성국 지사기 타이츠 포장기 ##진흥재단 2123 2178 2204 Marx fuel 데스밸리 시원스레 코뮈니케 환경보호 011780 Linear average CONCACAF Hardware Santiago ##Im ##정치 겐신 박부 배여 세내 안노 예봉 잊어 질겁 청광 ##숫대야 갈려서 강남이 고선지 대공황 뮤지얼 복원성 신암동 신인석 연락소 옥중화 장종태 카나에 해줄게 9160 Orth 멍청하니 세숫대야 수신제가 아름다워서 홈그라운드 Tianma 아우렐리우스 central ##꾸옥 ##닦이 ##LLO ##phy ##zel 뜻한 로게 비족 성거 십정 온존 육기 진궁 ##auer ##lass GWP kdn rtf 감시탑 굴린다 그린빌 김준희 남보라 눌려서 법인체 상인동 송호섭 신성록 옥동자 이정배 장범준 친서방 혈관계 황성호 2515 시게이트 여왕개미 쫒아내고 타이니팜 풍덕천동 SOUND 때려죽여도 플라타너스 ##osystem Animation Photoshop ##카위 ##uli 돈값 뒷골 모쿠 샌타 석민 슬루 쎄쎄 어형 예증 왕고 적부 쳐준 굿이어 김영신 남원주 등신대 마당쇠 무투표 솔바람 안성호 외음부 요시토 유선호 이성복 이처럼 조영수 하이파 햄프턴 현대극 황장수 2078 2878 2986 물병자리 물어야지 지오반니 칸다하르 이산화규소 ##둔다 ##리가 ##자야 갑제 밥쌀 병선 석비 치점 품고 흑호 ##aken ##road UPH 맛본다 부에나 소세키 손승연 쇼핑가 연기론 오쿠보 유사쿠 이혜숙 진짜루 징계권 초대권 푸꾸옥 호위대 ##inhan 0323 2356 IARC 건드려도 대전환기 마술피리 발생주의 애티튜드 ADNOC ElectricalBoy ##미답 ##ces 개황 군병 매원 새운 슈나 와가 완소 왕신 윤디 중약 참마 한귀 허장 혜령 ##와이드 ##hard ##onym DNI 기어린 김기성 김태홍 깨운다 논해야 당회장 란저우 목장이 반송동 시로코 신경주 일까봐 자료상 제일차 참나물 하메스 한동수 phev 그럽니까 동베를린 취한다고 proxy 녹음테이프 머리끄댕이 유에스에이 Bunker winter Engineer ##안보 ##VEL 권동 내덕 내입 류현 몽펠 버키 병고 분제 소렌 아화 웅비 팡야 gun mma 김시래 김유성 노재현 높여도 시무라 양석조 오브리 윤영선 음운론 이민주 이원복 전재욱 절찬리 페이톤 황산벌 5180 Disp Wake 그리워서 세라믹스 안드로겐 청춘스타 쳐들어갔 롤러스케이트 Deutsch ##나왔 ##누에 xe 갑산 뇌간 다레 별시 복복 시후 영축 쪼갤 칠천 케릭 타불 효림 ##urne sav 구성체 구입가 남춘천 노건평 박계인 부모덕 숨구멍 시계추 신현수 실까봐 오지오 잡아끄 제닝스 키워도 ##pping 2346 KPOP Pont 뭉게구름 옥시미터 육상연맹 절지동물 WHITE 생텍쥐페리 factory ##CM ##야자 순지 술학 안회 윤신 존호 청옥 EAP 김연명 대한배 박명환 밥도둑 변성기 수비벽 슬래쉬 용기병 이대수 이지마 재래종 책벌레 파트리 ##amide ##front ##jeong 2124 2298 BABY TNGT 늘어진다 이룬다면 트레이싱 ##아세테이트 Elite Format Sierra Rotation Political ##를까 가님 겁날 돌로 소그 안악 언재 웨커 평의 헥스 혜향 화집 SHD Typ 놓친다 디버그 메운다 브리기 시켰었 신경원 아이보 에워쌌 이사금 이수지 이효진 지도급 청파동 코제트 평양가 2401 Lamp ᄊᄅᄀ들 다가선다 머리장식 유치찬란 일신건영 풀린다는 바이에른주 와인스타인 ##WW ##설기 ##엄프 ##차순 ##nik ##tty 강온 고복 덕화 빼았 사릉 적석 제심 테우 핫바 ##7230 ##ught HAN 너바나 다아시 럭비공 맡겨도 미카와 박기동 숨겨온 이동신 이철수 잘라냈 초극세 해약금 2096 2435 6480 ZOOM 광개토왕 몰렸으나 트라이엄프 Freder Feature Graphics Intellectual 깥 ##ols 겼다 누난 쏘우 영교 원연 윗글 중난 차미 카폰 쿠트 흥구 흥성 ##레나룻 ##Next ##ifty NAP 간추린 곱해서 김자영 김지환 까치발 동산동 만드실 서릿발 석수동 양돈업 윤여철 이승렬 잡식성 적성면 찾아뵈 토야마 하성용 ##심증주의 ##Shell 2197 2216 KLCI 감정노동 구레나룻 배신행위 습격사건 일치단결 적도기니 hedge lower youth 보크사이트 카시오페아 DSTDST 봐야겠습니다 을지로입구역 자유심증주의 페널티킥으로 Douglas ##소토 ##환국 남새 도간 디우 란츠 리창 앙큼 운제 움집 워낭 찍자 토담 토션 ##uron Lac gdi 걸레짝 꽃피운 내려감 도우심 방수성 선서식 아마미 유현준 장영표 출입처 해지권 3234 Batt bath 나무늘보 될지언정 러브호텔 모노크롬 수도원장 아틀레틱 ##rod 계로 레잇 불수 서설 양액 입물 적함 종철 집서 착했 커텐 펄떡 ##카이저 ##izza CER NEP SSB 거쳐온 고흥길 꽃가마 나주환 민숙원 박용우 비에르 여수로 우리넷 유영국 정력제 정유소 최대수 팟타이 펍지주 하천인 홍수현 2678 3025 3890 4670 갈치조림 동양강철 사명대사 지하보도 타카야마 Arist Stein prime 도둑고양이 Howard KISTEP ##위크 ##페오 ##mor 던들 떠놓 로런 린츠 밤일 썬텍 인긴 캄피 ##bson ##oxin Hai OCS 김주희 로에베 문호준 박기량 성낙인 스워드 아일라 안명숙 안치용 였음은 오태석 이상룡 이치노 정호승 ##크로이츠 ##illed Berg 고려호텔 라스무센 사농공상 유기동물 pitch 얼토당토않 000120 Adjust compos functional ##진주 ᅳ개 동렬 드밀 딸깍 새러 세느 영경 요석 폐도 허트 효문 ##umor Ahn FSD Seg 고형물 김문기 단말마 동부리 동의자 루카치 박인호 서범석 소찬휘 스스무 야만성 영락제 윤규진 이귀남 제출안 카피캣 피고름 피해지 0630 Fern 머무른다 ##dotcom Hwang SCDMA Definition ##서글 감녕 곡옥 꿀릴 도순 버바 벨렌 성해 식화 쑨다 육만 츠시 ##1970 UNS mbs 가계도 끌려오 넥스젠 당고개 디드로 산란장 시모네 신우철 이금기 임현주 장운동 지브라 2221 3787 4370 말죽거리 무역업자 번들거림 위장취업 이럼에도 헬파이어 에르네스토 Restrict ##rac 닐로 배증 변식 연양 운무 졸여 카호 표문 ##alis CRP Hap IGB SSI Ted 대걸레 말타기 무수리 박대동 송신소 에트루 조리용 착색료 틀어질 4780 8990 MDPS Rise 기만행위 들락거렸 랭커스터 몰아붙여 Nexus noise Neural 국제종합기계 Healthy government ##올렸 qq 겸상 낙진 내왕 담학 도오 뚤리 면진 무탄 빈칸 영평 용아 자브 주학 코웬 핑개 하크 ##지코지 ##쿠로스 Sco 공치사 김경일 김애란 나상욱 뒀으면 문단속 문창진 미근동 반평생 시장기 질러야 코티지 3111 9801 골칫덩이 그으면서 날아다녔 달짝지근 바꿀려고 요소요소 Years 사이버펑크 에피쿠로스 펍지주식회사 Approach Volkswagen ##거니 ##제곱 게자 경한 끗발 농서 뇌신 누빔 벨스 병전 애끓 우케 ##계산기 QnA mau sba 가리야 구인장 목만치 반구형 생겼었 서남표 신기동 어째야 우경희 정호윤 주무부 준해서 첨예화 키즈카 2201 2227 2352 CASE 그린웨이 넘친다는 레드스톤 베르그송 부린다는 섭지코지 ##터테인먼트 전자계산기 Pricing Reports ##따우 ##소집 ##토신 꼼데 모주 분골 세선 중해 진년 토디 티처 폰테 혐이 ##지르르 ##elin KGI 갈란다 고우나 구슬픈 도노반 바우만 밭갈이 범해서 살로메 씨받이 옥정호 우장산 이경태 청룡기 케라틴 판매인 후지코 ##gluco 2128 5680 wild 경찰병원 두근거렸 유전자형 Worst 고소공포증 Threat MacBook carrier Elizabeth ##츠빌 법신 신범 우협 장액 재요 저문 죄업 지개 쪄요 mcm 검정콩 공수도 김우석 김해원 김홍신 끌려서 대혁신 상계역 오각형 의공학 이런데 이영미 주력함 키요시 ##Xomer 4420 개량주의 경쟁의식 빨아들인 ##Xomeray simple 하켄크로이츠 ##althease Behavior Residual aweXomeray ihealthair ihealthease ihealthview ihealthgluco bookingdotcom ##수역 ##자르 김돈 깨닳 낙법 먼디 멍울 산형 예부 큘러 투키 하혈 ##춥니다 ##NOVA 구만리 김상태 도급제 매무새 매켄지 바울로 박준희 본회퍼 블랑카 비탈리 수미산 스매쉬 안형준 의문문 이양수 장영남 정상균 청기와 한국미 후시미 Bulk Race 가창오리 무서워했 밍크고래 일품요리 전인미답 Emission ##줄라 ᅩᄆ 경간 능겨 니쿠 모헨 봉자 븅아 아돌 패물 홀츠 흘깃 ##라이크 Gel sma 급진파 김동민 백지연 빔포밍 새빨갛 시트론 양반집 유혹자 이동산 차유리 표류기 헐버트 2562 국립은행 불렀으나 서글서글 시스티나 Maxim Posit 사마르칸트 에트루리아 트리플래닛 007070 089590 ##셀린 ##pad 과단 러더 부송 시완 쌍쌍 은즉 일영 태강 현피 Bug UDP 곽경택 김만덕 김선태 김유나 다반사 당파성 라기에 맞춰도 므로서 발데스 수호지 아가사 올라탈 운문사 주성욱 최병길 푸리에 2285 감미로운 옥시토신 Brands impact Transportation ##뽑기 ##윳빛 ##준비 곡스 공이 뷔스 상천 싸악 참례 ##다면은 ##스테드 김사율 김순자 내린천 대관절 문선재 문필가 미리암 봉선화 안도라 요독증 우윳빛 유동층 카르니 허준호 ##grade ##oming Dipl fish 대리청정 되살려야 반신불수 슈발리에 여성환경 오상방위 정지명령 하이커우 베스트팔렌 Relationship ##뜨개 ##주변 구합 금룡 꿈터 듀어 모튼 몸치 봉성 염해 족한 팀버 BDO EPB HEU MBO 강정구 단조품 브레넌 시키네 신항섭 오야마 유선일 이봉원 이용신 일직동 장쯔이 챙겨두 프리터 5480 mill 라이너스 모인다고 몽펠리에 부신피질 프리웨어 ##ective ##onents Songs xpert percent protected ##방정 ##출입 ##트릭 jv 백우 봐줘 부체 소혜 안효 저간 허자 ##레흐트 Chu ITM 구준엽 무더웠 생동성 손뜨개 싫어해 어야제 이라는 이지송 조전혁 총결집 페멕스 구스타보 쌓일수록 외칩니다 주십시오 Nippon location conference ##허그 ##mes ##mod Tb 건무 더럼 마푸 바링 산직 소낙 신외 엄금 펴도 ##에이드 Pub wor xia 경험론 고추가 근간인 디엠티 디킨슨 라정찬 베어즈 보관장 실태도 이만의 이타미 장영수 한학자 홀란드 0584 4230 5678 Bent Boss crim 부자지간 오거스타 비로자나불 ##olidation ##기적 ##실적 ##하우 길기 김군 끌러 댕길 무염 바둥 별기 조분 칠산 쿤산 탑비 플룸 혼난 ##바라밀 ##RING FAC 구부릴 김명자 떠돌아 뜯어냈 모란역 목민관 이경실 한판승 4810 구두닦이 그레이켄 몰래몰래 올렸으니 찹쌀가루 프리허그 ##leader Blizz 여성환경연대 respect Aviation Location original ##론튬 ##싯적 ##큐민 Pn WX 견만 경찬 귀로 노주 뻐끔 열부 은애 의현 주계 청림 태핑 SPG 거재생 그라우 근대식 라는지 료타로 세레니 소싯적 송기헌 수사법 신독재 심수봉 애스톤 얼음골 영성체 이레네 최창호 커큐민 0248 Rush pace 가나아트 아크바르 애니박스 카멜리아 Craft Sachs Jonathan ##무취 ##바우 ##베도 ##충분 ##rap yy 국성 기흉 내물 분칠 뻘개 색체 식체 야다 외소 중자 출감 큰개 파초 ##파이낸 ##plex Dun Kot 가상사 김원홍 김재정 김효정 남우현 레소토 레오네 블라터 아키텐 앞가슴 오광대 저래야 크리너 2341 2655 4760 Ride 달린다는 될지라도 아이리쉬 진눈깨비 진저브레드 Fabless 페릴아세테이트 Interview ##주구 ##철곤 권중 노창 디다 란지 빈맥 열원 옥문 외람 천에 최아 축비 향인 허한 OMS TGS 기산일 노스탤 느낄까 목적세 블로커 삼켜야 스르륵 실용성 애니스 야부키 정만식 쳐죽여 하루미 황병기 3012 다니엘스 엔터기술 왜냐면은 CDDVD Faith 아세틸콜린 reason ##ifference Constant connection ##척면 곤고 단철 명한 무휴 물혹 방업 백은 초려 칠래 화암 ##비아탄 ##ased ##onde AGV IRC eos 광주천 김덕중 김을동 남성우 동전주 목표일 미리넷 사라센 사우동 생감자 실버스 안정준 용문사 이강훈 인사과 초월읍 탄성체 폼페오 할미꽃 ##콰이어러 0302 2098 4640 they wbsc 레비아탄 비상소집 Pearl phosph Trigger ##IV ##체자 ##회귀 OW 느이 산배 실착 장에 팰런 행치 ##ylon 김병우 납세지 단백뇨 사이더 석태수 성질나 앉혀야 풀어져 ##살로니가 2126 2269 PACK 에이벡스 잉그리드 전기철도 주기도문 커보인다 ##amless ##igator ICSID PARTY 데살로니가 생과일주스 인콰이어러 Docker ##ployment Leverage ##rm ##몬테 ##oup 계목 바대 엔더 음도 작스 져갔 충담 치방 타샤 터코 터크 핀스 필담 ##강부회 ##야누스 ##캐나다 ##oter CBP Sul amo nws 금일봉 메디안 뭉텅이 뺀다고 어깨춤 오은영 유병규 이필운 정균환 흑진주 ##aming ##known 5320 TOWN 동물학자 배워야지 올랭피크 그렇다면은 성산아트홀 ##노브 ##사각 ##후프 GQ 목종 박다 반명 사점 악지 잔나 죄사 창이 훌린 ##록대부 공급국 김영국 김영세 까뒤집 닥친다 송재희 억류자 이미도 이인선 이호석 조나스 조상신 중앙치 최금강 허브티 ##etime Lanc hall 견강부회 체임버스 urban 003670 Nelson Monetary ##츠바 ##치과 견수 끄라 독화 두곡 망부 비처 시명 연축 운목 쥐포 촌로 최향 콜밴 통회 ##암모늄 ##클레인 ABO Ble PDC SMI Sbs 가포르 공진단 김동만 박애란 아야네 암페어 에이코 월평동 위그노 이규민 조아렸 진간장 2069 2357 2835 offl ᄋᄀᄅᄋ 무단결석 무력행사 외로워서 프리지아 jhkim 001740 432000 Alexand nothing ##ku ##테기 ##포럼 거추 국욕 따발 명견 발갛 병구 외증 정휘 ##소로우 가이사 김철근 깔린다 성산포 세면기 소요액 아가타 아노락 오바메 올레산 용마루 은하단 이언적 춘천역 하대성 황금비 2646 Hana SICA 고친다고 올림픽로 일장일단 Chair going matter Canadian moderate Individual ##빈둥 ##쿠프 리씨 손현 식고 언설 폰세 퐁텐 Bib MCT NAB 김정미 다이라 롱부츠 벗겨질 부득불 엄정대 에선지 옥녀봉 윤민수 이성헌 제기랄 조승희 취해도 타카다 풀어놨 ##MITED 갑상샘암 레이크스 사각사각 야마나카 너도밤나무 leader ##ivatives chapter Entrepreneur ##리밍 ##탕트 누어 능해 론드 르면 마용 바튼 불체 삭도 얼도 제연 직일 청람 피린 ##타크로 SOX 간체자 김중겸 순방향 에어스 요격기 조성원 펜탁스 ##파이낸셜 2326 되돌려야 들킬까봐 때려죽일 로마노프 맞장구치 세대공감 스타타워 NIAID 스포츠한국 친정아버지 트라야누스 Aurora ##디핀 ##컬리 vC 남윤 상백 세팍 열분 티칼 피딩 ##산소증 ##ulpt NPM OGL OMG OSC VSB 게이코 결장암 김서형 김용하 명란젓 모셔와 백용호 볼라드 서원주 아현역 안영명 암브로 이명재 이문구 카스피 한채아 2076 2224 COMP LDWS gbps 땅콩버터 무사통과 알튀세르 저산소증 크라쿠프 학벌주의 흔해빠진 세팍타크로 ranking thinking ##들썩 ##호제 고빈 도암 막탄 비진 뿌셔 수판 예맥 잔대 저릿 절마 카넬 판토 ##코로만 ##트리아 DBR Sha isp syl 김규환 김정권 까치산 나무통 니콜슨 담근다 던져줄 모세관 물금읍 배시시 불지옥 살수록 순백색 식민화 신호장 안정국 을래야 이박사 이한준 이현숙 입회금 지훈련 코베인 타르타 타오를 3910 3940 4180 5230 CREA ESMO Josh PETG 걸렸으니 뛰어나갔 스트론튬 해본다고 호형호제 훌라후프 그레코로만 미야자키현 지켜봅시다 Driven 천민자본주의 Converter organization ##부부 Eb ᅳ아 말굽 발본 샤카 쑤신 여위 왕이 타테 ##unce Bye Kur LTI NGL 마려운 선불금 수송함 싸질렀 연결구 옐레나 요츠바 조윤남 중앙관 ##oenix ##rolet 3870 BNPL quad 더부살이 승수효과 오리아나 Gmail ##olation 경동도시가스 organic Memorial Transmission ##HP ##돌린 xl ᅳ자 가흥 곡지 공은 광호 내칠 다란 대궁 두한 안순 오탁 온풍 진오 통킹 환약 ##드라미 itx 걸러낸 광화학 굴업도 느꼈었 도요새 돌발성 리브르 물만두 발리슛 불공평 세키야 소닉붐 안형환 인명부 조병갑 최준용 키토산 타고르 2378 Root 고래상어 빈둥빈둥 스트립쇼 참다못해 상수리나무 banking ##Set ##iah 등자 부숙 선란 술통 쓴잔 약성 어단 역변 체협 충각 형대 ##럭거리 ##하원칙 ##char LCH PDI bid 고우키 다나베 라우스 모기약 불교인 스테그 신부동 어쩔까 와리오 요시이 전사체 조영구 진상품 톰프슨 황인선 ##itten 2292 원했으나 해왔으니 linear delivery ##장조 ##gre 가빠 감계 내봤 락하 린튼 산록 서둔 암함 와지 인업 재유 정백 통각 폭뢰 피선 ##말랭이 ##트릭스 ##티노스 ##usal CMF RSV 구체안 뜬다고 리드보 먼치킨 모내기 박성봉 방영일 산성도 세군다 승효상 이선애 이원덕 자하문 제시간 중간상 최영철 학보사 3647 MKIF 도봉산역 들썩들썩 마츠오카 울렁거리 육하원칙 타르타로스 오케스트레이션 ##똑똑 IJ ᄎᄂ 기럭 깝쳐 돋울 두견 발망 비코 생멸 선잠 어론 요덕 원옥 크누 포저 하투 항내 홍계 흥진 ##idad MCS RRH 감광액 김선규 김은선 백일섭 브로크 사프란 삼가하 요리점 유도부 윤진숙 2167 2612 PISA 곁들인다 ##Mobile Devil Terra 니콜라우스 에어캐나다 Running ##고아 ##실리 ##지움 가안 개제 까를 딜라 딤플 로물 산읍 없다 작범 즉발 징어 취당 태커 표직 ACM Rhe 강석진 군북면 깜빡했 담철곤 따발총 마약상 모닝콜 바람잡 사생팬 산신제 생활력 얘긴지 이회관 채색화 치환기 했었을 홍윤화 2206 2219 2494 4510 무색무취 에이프런 일언지하 팔아넘겼 COSCO times 넘어선다는 산타클라라 Wright Warrant Dividend ##가액 ##투라 bx 가청 걸과 당집 등고 라산 마송 요관 우악 최송 푸디 ##endi ##ythm IFF MBT WHY 고다르 고단수 김종희 꼬드기 동자승 박경훈 쓴웃음 울엄마 유후인 율리안 이수일 임승규 자급률 최순영 2304 BBVA 제이제이 하이바라 들어섭니다 비트스트림 Lambda Hydrogen ##죄인 ##SAT ##mad 군터 사래 석명 술시 스눕 쓰윽 안남 업유 핏발 귀화자 김진명 노보루 매개물 무과실 무역선 문풍지 미뤄서 양희종 얼갈이 유레일 이타이 임지연 장인화 카이오 한기주 EBSI 남대문로 케이이치 CPTED 클리어런스 Aqours Propylene ##구지 ##보암 ##엉금 가년 낭도 노농 대복 명검 몽글 보슬 은월 쟁패 적질 전노 진포 통자 포전 프뢰 ##드리지 ##born AUX CHF CLP EIU TOM som 거려도 곽승준 광혜원 김창규 나상호 동백동 마이네 미나즈 박민지 박일호 박창수 비탈진 산본동 조동호 초행길 타이난 혐이네 ##나다를까 2538 똥바가지 스네이프 연탄가스 crypt query 스윗소로우 ##ression 아니나다를까 울산고속도로 ##디치 ##척사 ##탁액 Dh 류트 명례 배비 분국 수충 숭산 월야 이쁠 임달 청령 회우 ##iere Lav 구자영 김석주 남태령 먹혀서 쇠망치 운암동 축지법 친해져 코야마 텐프로 토산품 톱뉴스 해대서 ##충분조건 4260 4540 5760 노보시비 도드라졌 콰이어트 today ##엔터테인먼트 필요충분조건 offline building 언론개혁시민연대 ##태커 곶이 노피 단채 도토 발심 빈뇨 윤슬 일유 체량 협궤 휴보 JVM MOT RDI 강제규 경무대 고정구 공법인 김재박 김종중 비싼지 우기홍 전기수 조남희 봄나들이 비토리오 엉금엉금 외무대신 18001 Contr 드러낸다는 samsung 구로디지털단지역 ##타미 Pd 가원 리벨 분감 아청 영당 우왁 종혁 치렁 폐타 필한 ##스미스 ##패밀리 ##4820 ##itsu ##yard ALC CPF DMP 교육가 구르메 넘쳐흘 드렁큰 매버릭 밉보이 월정리 이명현 중매인 최현배 최현우 평당원 휘태커 Hook IGBT 고추기름 리벨리온 버려진다 성창기업 알바레스 자랑스레 젓가락질 퍼블리시 Mechanical ##가라 ##동기 ##여비 ##ued 강달 두진 령우 목영 병탄 애오 인행 잉께 천천 탈조 퍼센 편역 ##무스름 Leb Sak TMA 격일제 김대섭 김영필 김학렬 김현권 떠맡기 불리웠 빈곤선 스위밍 신여성 안선주 연속체 위조죄 윤상원 장덕천 장서희 전유성 천마총 파종기 함영준 홍준기 2271 Anim Unic 공업지구 스러워도 카롤루스 BRICS 미네랄워터 systems 노보시비르스크 Generator ##노어 ##uta 기열 난형 디룩 따개 범자 법장 앗싸 양홍 여준 오랄 육단 지본 축심 포갑 흉가 ##ende ASL BCT WAV 김도우 민우혁 박원주 박진성 박홍규 병장기 뽑혀서 양돈장 입법원 현진영 ##아동기금 EASY Furn 몰아붙인 앤드류스 trigger ##남매 ##사토 ##타월 곽희 다완 메릭 영적 윙클 윤색 윤자 절필 중제 쳐졌 키몬 평서 할릴 ##즈브러 ##ilia ljs 늦춰져 단오절 반항심 서러울 수집상 야단맞 에지오 월터스 윤제문 을라구 흘겨보 2314 5070 8620 EXIT USGS Chaos 미들즈브러 Tanker Certification ##민당 곡보 길손 김억 먹성 멘즈 미현 어육 위방 회회 cra 관용구 금성면 덤벼라 박미영 산격동 역회전 이길지 전기선 카이라 포마드 플런저 한상혁 ##ypark 5560 기호일보 죽어난다 페스코프 다름슈타트 047050 NEUTRAL monitor polymer ##피우 가렛 남존 상압 어란 은현 토유 패장 향산 ##icul Cov KOO TXT 골수팬 광안동 기획국 김상경 나선형 방수포 보스코 비어드 비판결 얼굴뼈 오세득 유재환 은둔자 이강석 장항준 조충훈 쫓아갈 착색제 키워본 피우스 0085 2286 Deck TWSE beam 날아다닐 남존여비 신문용지 moment Success ##센테 ##icc 강백 구읍 매티 명민 몸둘 보패 어람 언의 영부 위가 고선명 김기호 나눠졌 릴라나 박인환 벌려야 불려야 비쳐졌 서기호 성층권 신사도 신지윤 엄태준 여인상 외국통 정지석 토한다 행랑채 황금주 5430 Fung Rice Vert 기요마사 에어리얼 우주전함 이들리브 클라이브 Scrap maint untact ##ipa BZ 곽수 닛타 드렉 류상 보체 신돌 온성 지홍 촐랑 친데 패역 호나 홀든 CUT 김유리 데이나 들먹일 마루티 소음순 이계안 이상열 이소은 이현호 잉그램 자아상 정원제 조둥이 필즈상 허민호 3125 MEET NDMA isms jump 매버릭스 반짝인다 스트로브 징역살이 타임리스 플라티나 Clock Marri 로스트사가 동대문운동장 자이로스코프 Vertical Adventure ##도식 ##예바 ##투지 ##프시 ##ROO 되감 랜치 선탑 식부 안판 탓하 평발 한듯 향장 ##클라베 DEL TCe 거스리 견고성 국숫집 김소정 김원웅 대현동 바꿀까 엄기찬 이로하 이소부 조업도 조자룡 주성치 지하역 최성재 최영수 태양풍 한중간 효창동 2288 2925 5260 Skyl WHIP frag juno trap 몰아닥친 수군거리 신경향파 콘클라베 호스티스 ##lempty fullempty ##재호 Rf 고송 냐니 노호 어계 입공 축거 한완 ens 각막염 김성휘 문하시 박지호 비틀린 아그레 아카몬 안무자 안일환 이광희 정진해 축전기 크라제 ##flict 2093 4310 가끔가다 모리카와 진경산수 세워졌으며 ##atories Flying 동양파이낸셜 Deposit ##efficient Register Switching ##onn tu ᅳᄂ 고본 고왕 길레 부셨 세다 애청 윌라 준마 칼로 ##quer 가좌역 김미선 미숙련 박양수 영덕동 욕심나 유세단 줄수록 택티컬 폐동맥 해져도 4070 슈라이버 신민주당 잠실대교 정해져야 제비뽑기 프러시아 ##entral Paint 고등어구이 ##station Answer ##ivergence ##150 ##ooq ##wig ᄎᄌ 가체 게츠 권형 끌린 땅딸 락킹 리좀 바륨 상노 석계 쉬완 앵무 울혈 웅녀 정휴 투에 팔콤 하슬 ##파크역 BOP ENA Pix tar 강남도 대청봉 비전동 소리내 아아아 오데트 이세철 장옥정 정만호 측두엽 포크송 8840 EADS vill 동양파워 산화아연 야자나무 오체투지 졌으므로 IPARK Pulse shell 트로피카나 ##rh ##거성 ##말린 ##살짝 ##용유 ##키노 ##bok 귀지 꽃비 담세 때웠 마래 몰론 벤지 세검 아순 옥화 창모 취주 틈탄 hiv 가비지 갈라질 구속사 놀잇감 도주로 돼지해 백마강 보리쌀 엽채류 율곡로 정성근 정영진 최영호 프시케 피프스 향할지 ##First 2264 Lets 올립시다 호두나무 CFIUS 쉬우면서도 Problem Multimedia ##들고 ##ROM ##oku 강빈 당증 두운 벌컨 본느 봉했 석강 여색 친당 합공 형인 ##셨으면 ##keit FAT ord 가시리 견딘다 그러데 나뭇결 무라이 볼려면 신현성 우시오 웃어대 이근안 이근태 이네르 이정구 자코뱅 청산면 치은염 투쟁사 ##anyon 0410 2148 2465 pair 까발려서 모아다가 문드러지 얼기설기 폐식용유 ##uments begin ##iration Austin ##ᄐᄐ ##랬다 ##무침 ##상실 ##침침 광일 로벤 만파 밀담 배장 여윈 위미 중놈 초근 충적 폰스 ##코끼리 Riv 김재천 김지미 김창숙 노리쇠 단층대 덕정역 뜸해졌 별나라 블라트 성대규 숨겨놨 엄태구 읍내동 차오른 해왔었 4520 ABCD Meth 뒤떨어졌 유리구슬 추적추적 ##ologie Americ ##dh 땠 과했 네수 모단 변법 불원 비면 색적 연노 예안 장삿 질일 층계 치토 황록 TMT dan 가질까 강영식 고마쓰 권정생 김명호 동래역 미친놈 신젠타 엘리미 오너스 우지원 이태현 정우현 최구식 최진희 팽성읍 프링스 4220 5131 계신데요 기예르모 모노리스 약삭빠른 영지버섯 올려야지 중부내륙선 코르뷔지에 001800 스테인드글라스 Zhejiang ##셀블 가남 개술 개풍 돋움 막이 배중 생연 아잉 전막 풍암 하무 ##타가와 ##화물질 개시제 걸러진 경안천 김영인 딱딱이 매향리 민생고 바클리 우스타 잠재운 집회장 한은정 후회막 2247 2305 Gast Mist semi 그리브스 파크타워 항산화물질 010130 Promise manufact Treatment cheerleader ##테아 NJ VU 겔리 납량 누시 대릉 류샤 밀경 엘로 울지 음조 진후 카심 태보 한충 화발 환제 ##상담소 ##andi ##ingu ##ooth ##rect VIK 도림천 독설가 박범신 박훈정 열팽창 오우치 유카타 저지능 정예화 찾아드 크레아 2084 2275 Ajax IRBM 김나지움 누굴까요 당산나무 드릴려고 무위도식 아우라지 자동화기 Whole 떨어뜨려서 Escape ##일학 ##천왕 ##amd iz 땀나 뛰우 밑둥 배순 벽부 보프 시임 신극 암태 찌지 첩부 ##군다나 ##슈트라 ##nett CNK DHT GCL PVD 가와이 결재권 길상사 김인환 김한석 내맡기 녹는점 미츠이 미호천 박은식 성전사 이병희 제곱근 지리한 질경이 카사바 팬레터 2388 떠나보냈 머뭇거릴 march 미노타우로스 PERFECT Liquidity Smartphone ##돈이 ##본가 ##ims mj 강평 덧니 등졌 숙과 여충 오납 위투 임환 정피 종리 쿠와 효석 ##bang EFL 결명자 김서영 나나세 뎀프시 메이요 박목월 박창근 부르카 소방경 아마드 안전기 온상지 윤형주 이영일 이청아 임성훈 임해군 정유정 조종기 증상만 천리포 프라페 하이키 ##iture 2318 5130 TIPA burn 베르트랑 시리어스 핵에너지 ##icular Limit 산타크루즈 조개껍데기 긍께 노순 릭슈 무후 바소 영육 주괴 탁류 페란 헤벌 효제 ALM MTA 김세환 맥켄지 박주봉 배틀러 아르망 진천읍 해시드 ##네트워크 ##stell fina 서덜랜드 앞당겨서 어지럽혀 흐루쇼프 Alone currency ##안나 ##파오 마메 마선 보케 옐렌 춰야 페렌 필더 ##가와라 Eld 괴팅겐 김병숙 김종길 대륙법 등껍질 레이테 박인철 배치도 소년기 수지침 순번제 신성호 야영객 양지원 인화지 학사모 0333 0651 2287 2402 3142 무말랭이 치렀으며 무너뜨려야 베이비박스 011790 Mathem Murata Warren onlyyou Pressure ##OG ##염색 누규 야해 요드 우명 좌이 천렵 태드 팔루 편전 폴디 Asc MBR SRA 굽이치 극빈자 김학송 다듬기 배진영 백반증 생몰년 설탕물 소화액 와야지 유지현 이재한 잦아진 조종수 천공기 최진수 폐수종 행신동 2445 7140 TPMS rose 명심보감 암로디핀 트레드밀 흘러나올 might stack ##closure Danger architect ##미츠 ##퀼라 감분 능국 론들 베켓 서증 수밀 숭덕 올백 일해 IMG bil otp 가정법 기럭지 김민휘 노영희 똑똑이 레스테 병마개 불러낼 월세방 이성한 이중주 인코스 져버린 찬양대 통사정 피로회 ##Power Ming Phen 그라치아 수카르노 쫓겨난다 호이스트 macro 술주정뱅이 Casino Harman ##보면 김왕 남봉 닛케 독부 문귀 벤질 차편 카톤 합제 ARE Soy ZEN 고쳐졌 김지용 김충식 밀려온 법무성 불트만 비지땀 상량식 이기상 틀린데 ##니아누스 2157 4512 MaaS toin 전쟁고아 movie 002990 internal Orchestra ##Pr ##sm ##클래 ##pay ᅳ끼 금줄 내쉴 독충 비예 식염 어상 접관 포산 한간 BNG 감옥소 관능미 기판력 단풍철 반여동 발바리 변광용 사신기 아모제 어닐링 예뻐해 오비완 으리오 정년제 ##비시상사 5410 7480 GIGA VIII past 더럽혀진 산업기사 자란다는 BASIC Learn 더더군다나 003450 Graphic Lawrence ##단조 ##락지 ##애리 나풀 남계 뒷집 드롱 백민 부황 비회 설공 숫돌 양설 잡어 적룡 천봉 측력 투장 홍혜 후앙 cma 국부론 깝치고 도연명 돌부리 모우라 소매인 유리수 이용재 이지의 코폴라 태백선 2246 6411 6880 개별난방 서두른다 정한다고 행해진다 Zhang Region ##도기 ##무언 ##약수 노킹 벤느 삼석 서키 숙빈 아킨 RTP VHF 공병대 녹황색 도재욱 박정자 베네토 세례자 원추리 전곡항 정령왕 주무셨 2074 half 그린랜드 기울여온 도깨비불 막시무스 수석교사 엘렉트라 Wibro 돋보입니다 resource PowerShell association ##예린 ##장전 ##Pay 개뻘 근일 노야 담채 두다 뒤축 부초 북양 실테 애디 요오 용력 캔트 후구 ##뉴먼트 ##똑똑이 ##메네스 FIG RAS Sit VNI 높여온 라마르 마리네 민족혼 박지연 빠트려 설사병 아리타 연등회 운구차 이청연 임채정 차유람 ##adeon 0234 과일나무 바실리카 시사만화 토비아스 호랑나비 Arrow 집어치워라 mirror sypark Shortage ##NIC ##YLE ##bul 삼경 안유 야프 오엘 장졸 졸림 차태 탑석 필부 핵정 ##adiz KMW 기드온 김영화 놓여졌 라고라 바이슨 발효주 샤르마 영산회 이대은 최저한 2405 3456 UNIQ 거무스름 고친다는 군계일학 내일모레 모뉴먼트 신성건설 앞섰으나 주바이르 Upper Wilhelm another Composite background 컥 ##계통 xi 귀식 목면 밀서 비저 소의 아를 외젠 워든 윤채 춘양 한이 ##seas ADM Hab 기면증 김민교 동동주 배치표 살아요 운용액 이용준 이이다 이형주 인지질 종사관 최윤영 최진성 콜카타 표지자 풍산동 0672 also grid 까무잡잡 달려나갔 루이보스 맞배지붕 이브랜드 인카운터 중앙로역 카도카와 한산모시 Mover 스팀다리미 Modeling Relative facebook ##농원 ##린드 ##소프 거비 근수 당조 돈나 롱고 말림 북궁 오취 쿠차 Syr 강태선 강화읍 반주자 샌드라 쉬우면 신재영 역사물 오늘밤 오세현 용마산 주석궁 최윤미 파니니 파울라 포린트 필리페 홍혜걸 ##티아누스 5190 7870 CONC PTFE 마타하리 브리기테 얼씬거리 엠마누엘 일그러져 즐겼으면 해드려야 Horse koica liter 뉴멕시코주 아메리카나 엑소시스트 004370 056190 Quarter ##알렌 ##umm 금현 낙첨 니사 동환 몽촌 문직 상드 쓰시 흉추 ##가이버 ##리스틱 ##염색체 ##주저리 SCB 강경래 두통약 들려줘 박진겸 법치국 선지식 솔샤르 스포팅 신준호 실험대 연장포 적어져 즉위년 총판매 코비치 토평동 파비앙 핸더슨 황매산 NBCI 날아와서 부러뜨려 와이어트 창원터널 최강창민 한국조세 휴리스틱 Gabri truth 살아난다는 에고이스트 struct 한국조세연구원 ##rax Tn 나옹 도업 딧은 리즌 마렵 백아 석곡 쇠막 예병 오돌 자교 재집 차보 토슈 화령 Hav IGF Pom tal 고기동 공명심 귀빈실 글썽였 기술관 김혁규 동인동 박정일 배재훈 벗겨야 부식성 아커만 의화단 재임명 졸라서 주엽동 퍼니셔 피어날 하이밍 ##민주주의 2214 3161 Lift Roth wish 바이오칩 이투데이 Being alert 하프마라톤 Elastic Theatre ##가가 ##파전 ##aku ##uly Zr 누벼 료우 마피 삐그 삼팔 안좌 액취 양추 예회 윤양 통털 표격 형해 ᄋᄏᄏ 가양역 간화선 강일동 기름칠 김영길 도룡동 만날까 명사구 바탕색 송수관 스타니 신다며 에스라 으셔요 잡종지 장악과 장영자 정영화 정진욱 조진다 4020 6936 AfDB Warm 들이댄다 맥가이버 플로리안 마하라슈트라 Stability ##DX ##KT 구새 덩컨 심마 일맥 장폐 토륨 황서 나바호 니나노 범유행 신파극 얽혀서 오상헌 전깃줄 추워질 회교도 0642 Ital LACP 관광농원 터진다는 ##reporter ##mh ##젤러 ##uba oc 김추 북춤 서출 석당 염보 장다 착불 ##rium UHF 골라인 김동건 내디디 느냐면 더래요 루이빌 블루길 비상설 세무관 양도일 제정법 지구관 포르자 2438 6080 Inno Scen 때린다고 삼각함수 아펜젤러 앞당겨져 연합함대 자격상실 체온조절 골칫덩어리 Ubuntu 인천광역시장 Rebalancing ##렌코 ##클릭 ##opl Gy uh 내참 맘보 매다 명서 무념 시측 운림 투티 페예 혜계 ##9550 LCM WAC 가공비 걸쳐져 끄적이 롤리타 뭉가와 미결정 바위섬 삼파전 소양호 승용마 윤태식 이원호 자빠질 정철길 주문식 천수이 테스타 프리징 한완상 2108 GNSS HEPA 발로텔리 Evans Latin 비아냥거림 아미타여래 063080 library ##ilization represent ##철교 ##톤수 ##KER ##ONG ##ede Kt 개티 노곤 몰세 발적 생술 와셔 유묵 저마 출경 퇴단 파투 헤픈 혈종 흰쥐 ##태우기 로운가 미야비 민속주 밀려올 박혜경 박희순 배관공 불어왔 불태울 스기야 스위퍼 에스오 연못가 이한철 진양호 카스가 4570 Khan Milk Seat shut 가셨으면 박하사탕 스코티시 신이치로 토폴로지 트랜스폼 후지무라 ##바덴 ##북인 디유 미칭 실아 실액 안풍 왜왕 으십 ##7050 ##Plus KFA 금석문 나바스 내장객 동성동 렛미인 무교육 박희찬 복조리 선지원 송승현 이명규 이명진 편해진 허영무 헌법학 화상병 ##illon 0609 2505 가소로운 바라건대 반짝거렸 비틀비틀 에밀리오 오필리아 이복형제 저당권자 정통주의 준법투쟁 포복절도 포클레인 Taipei 주저리주저리 facility ##시루 ##ici 권회 벳푸 부편 수품 엄이 업명 오식 재합 절과 좌평 큰애 탈골 파조 황봉 ##wire OIT 겸해서 고스케 급수관 김경기 김재신 널뛰기 메르디 신영석 아르민 야스시 연고제 영웅호 예매처 와부읍 장기용 정동채 콤파스 화선지 2385 나눌수록 두꺼워서 마마보이 맡긴다고 벼락부자 스파니아 트라키아 ##ensing NIGHT thing 일으켰으나 117930 Campaign ##후드 ##oad ##oln ##wha sy 가말 롤즈 스누 승구 승운 접이 즐김 창술 허선 호발 홍심 홍양 ##NECT ACR VAC eez 렀다며 박종현 북가주 산소량 산짐승 소총수 아유무 연관짓 이경미 이유비 이채영 이코마 쟈스민 접수증 조정민 지능범 천동설 최승현 ##국제항공 ##ernel 0781 BEPS EPDM Gary Gott 글루코스 루키우스 버둥거리 스릴러물 클라리스 ##estion 제바스티안 ##sourcing Lighting ##BIT 가필 간적 건냈 꼴깍 네르 둔부 백질 상찬 알러 어본 잔득 콜링 홀렸 ##조각사 Eat MSA VoD 강동역 경합범 뎅이만 빈다고 시벡스 오오타 와줘서 전투화 정찬민 카니예 칼리닌 팔로군 홍성민 2383 4430 Incl ᄊᄉᄐᄎ 두산동아 모잘라서 살그머니 위정척사 진실게임 차가워진 회화나무 SPEED 달빛조각사 중국국제항공 Fitting 뺌 ##대가 ##볼로 ##성체 ##테즈 ##ANN rx 경혜 구언 낼리 모설 삼릉 악업 야왕 정객 정압 종서 초현 투먼 푸우 호고 ##패트릭 ##into CHP OCF oct 거름망 김장열 도시법 독서회 동홍천 매겨야 모신다 미뤄둔 박세일 배부를 봉합사 어부바 얼굴형 엉겨붙 염곡동 이래선 이하선 장년기 전우용 2192 2248 2625 5280 8245 JUNG KCTC 보도연맹 실적실적 이보세요 줄리아드 휘둘러서 Brake 달집태우기 ##pressor 창원축구센터 ##다저 ##명월 ##부스 ##시프 감물 경하 마륵 매호 사졸 상거 세과 완정 IGT STL WHA mec 강도상 그루비 김근수 노세요 대롱대 덕적도 등가성 변이체 뻥쟁이 서태종 송광호 스테롤 실존주 칼데라 프리프 피아골 헤르타 흙바닥 0546 2552 KITA SASE 나타냈었 맨드라미 사카자키 상도동계 수산업법 찰랑거리 Radar Weber 이루어질지 중얼거린다 클레멘타인 HANARO REPORT medicine ##시우 ##평도 ##rea 관덕 다반 뤼디 리강 봉정 소쩍 왕호 인월 제유 최계 퍼온 푸미 현모 형철 ##리야르 FDP own psi 기태영 길주군 도민회 로니아 보내와 비지떡 빛공해 식사법 운중동 월계관 이용일 이형근 자바섬 진지희 챙겨오 하르츠 호평동 ##전문채널 2303 3045 Andy HVAC 마쿠하리 사이버네 역사주의 자손만대 친해져서 DESTI delay 미쓰비시상사 보도전문채널 Episode ##메오 ##처블 곡기 노디 니호 뮤츠 밟혔 별당 손복 실금 심덕 암닭 용익 위리 재당 춘란 투조 하킴 홍치 ##꼬챙이 ##뱀장어 ##7800 CoA 강희태 김원배 만져도 박재석 시꺼먼 신불자 압살롬 양평읍 이장한 임상도 잔다는 잭슨빌 조직도 짓밟혀 피뢰침 현인택 0052 2381 2395 2905 5490 AMRO Crim ONLY 가졌으니 대롱대롱 언터처블 하야카와 황소자리 후이저우 병마절도사 ##는게 ##동풍 ##만성 뇌부 미료 배내 벅벅 서공 숙미 웨클 제계 캐이 ASM ArF Hue 만하면 블라스 설악동 애치슨 윤성규 이상경 이준규 이지나 임희정 장군봉 장시원 정홍식 탈북인 프뢰벨 ##yrene 0526 2575 Bing Daim 관광진흥 높인다면 생길까봐 숙주나물 캔자스주 환원주의 Drone activ 무너뜨린다 보드리야르 새겨들어야 어려워져서 Marshall 관광진흥개발기금 ##SON ji 띨빵 중양 파디 호죠 ##rett BOF 김대수 무찔렀 미치오 바윗돌 베케트 사채업 아닌디 움츠린 이영석 이정선 푸미폰 프레딧 홍진기 Ultr 무서워할 Chase Cliff ##나사 ##줏간 Dy 간걸 리적 세칭 셸비 약환 업경 올망 와쿠 우족 착발 최복 토베 해댄 허어 ##ited Roh TMD 개별자 건진다 고영선 디피씨 별달리 스구루 원예농 형태학 2627 2712 Mile 들었었다 무빙워크 빠졌으나 입학시험 프리몬트 ##ically 바이브레이터 유스티니아누스 progress songbird ##퀴들 ##des 거양 구몰 내유 마종 미엘 배냇 샘킴 손위 에돔 정좌 쥬디 ##arin DAW HEL LNP pow 건넌다 과자점 니콜스 만덕동 미륵사 박대원 신진호 심곡동 위즐리 유기죄 잎채소 절취선 제주마 조형기 푸줏간 화정역 0033 2113 2119 2975 5020 Pant 밤도깨비 쓰여진다 오오츠카 투호놀이 Fabric Petron Goldman ##거다 ##ISO ᄐᄎ 납금 백귀 시멘 입전 현의 ##enza KUH bpa 김봉준 김용기 김창기 데즈카 맥반석 박지환 부제학 수용기 실려면 암거래 오현승 외항선 이철승 철십자 최정훈 hope 마르코니 소금구이 수퍼스타 애국선열 욕한다고 이겼으면 인물사진 플라이급 Pride union 지켜본다는 thread 까다로워진다 subject Comments Foldable ##게즈 ##토비 ##피니 nf 광조 구평 당골 델스 보식 사탑 실파 와준 정랑 제책 참굴 참위 턱스 할렘 했을 호너 ##ched Pul UNA Vim fcc hop voc 계양역 고생길 김남호 김단비 띄워야 박시환 살가운 삼부자 이광종 이산해 자기기 조승연 주력군 합성법 현탁액 2501 5930 Nice 끈적거리 주객전도 cliff 바비브라운 비아냥거렸 아쿠타가와 Expansion ##갑문 ##균성 ##크마 ##uca 구년 남행 네사 담구 덴쇼 동실 랬지 롱이 뮈가 봇짐 손양 약문 양택 와구 잘살 제가 제신 지봉 쪽배 투치 피내 형가 귓바퀴 김수지 냉찜질 다프네 말주변 메데이 박영민 상고장 셀러론 오경석 저고도 지방층 한비자 ##eries 2139 2252 4770 Salv mPOP 블로그인 games 날아다닌다 마루노우치 태어났으나 003470 ##HOP 닛은 당점 비한 시며 암놈 용고 으고 제티 족대 진청 판디 DRL Voy 감삼동 관계식 녹여내 도매점 발화점 보람차 비올레 새카맣 스코빌 아하하 외쳐댔 토악질 0200 0258 3831 5220 경상일보 붙인다고 서울고속 오귀스트 임시수도 ppark 009240 Creating yreporter ##간질 ##굴라 ##밀이 ##양궁 ##ISM ##lam 김열 노문 승보 시새 왜지 윈치 준규 지례 진파 촐싹 쿠인 풍영 ##part DSB IFS PIB 공주병 광물성 그라니 긍정성 낼모레 다부지 동학사 로비치 법석이 비센테 비용량 살비니 삼킨다 새겨서 새색시 아데스 안승현 여주역 예뻐졌 유즈루 처해진 표결권 피복재 황진하 ##unnel 8880 trad 귀여워하 살짝살짝 서산대사 외동아들 이바노비치 ##그락 ##바사 ##보단 ##자위 다은 등살 사혈 시난 식읍 폴햄 ##1700 Htt IHI JOY UVA 거슬릴 고정급 끝장났 마땅찮 마자르 삼팔선 스패너 양자강 양창수 원주지 윗입술 이유나 재집권 정인교 타이프 파도풀 2185 2331 2338 2416 2433 Omni Rang 살려야지 신뢰구간 실오라기 디미트리스 키에르케고르 Matthew ##고너 ##로신 날치 닙과 불지 불향 사룡 속함 역참 월병 응신 천서 카샤 호네 ##even ASD PCL kyr 결혼관 공정심 군수용 김해국 몸조리 미친년 변할까 사상범 서진형 수도료 쉽니다 신장위 아난드 오리역 이름자 이정옥 인재근 전차포 정기대 첩보전 할라구 황산염 five much prem 더더구나 야마우치 와이즈넛 인정머리 치과의사 Aller forum 노르웨이숲 operator ##바삐 hl 련대 법력 보탄 부언 수곡 안관 워먼 주랑 톱질 ##딘스키 ##부증여 cad cmd 꼼지락 놀래키 농땡이 니어링 다더냐 단골집 라도스 명재권 박두병 버그스 아비달 양문석 일상다 코고로 허인회 후미토 ##umann 2132 Acro CARE HIFU info 본초강목 위해서인 키르쿠크 Warri 공동대책위 부담부증여 ##네기 ##백성 ##수색 ##수첩 ##와티 Qt cx 갈껄 거우 다엽 덕인 도초 반토 부암 붙드 세환 안향 엑센 연삭 연오 완하 월장 저흰 정칙 진요 폭렬 헨스 ##elor JGC Tin 건넌방 김명식 남현희 로프스 묘지기 불용성 송산리 우렁이 유관국 이계진 이홍렬 작은방 정성진 파이즈 헌터스 ##지상주의 ##pling ##stadt 2198 3006 7749 fort 드린다면 사자자리 스리슬쩍 ##otional ##리프 ##서요 ##중래 ##oga 니화 들뜸 북만 색계 색병 세족 송양 숫제 올테 외로 운천 일남 전음 혼천 ##UNDA ##eron SDA cds ifc 간음죄 고현동 김성봉 김아랑 동남동 명노현 미뤄뒀 박찬희 브렌다 빅뉴스 위창수 이을용 정유신 0654 2267 2327 2412 2545 KAIT kpop 기둥서방 들이닥칠 말라버린 부재지주 찾아본다 휘말려서 fight synth Closed america voltage Stochastic 나뒹 무애 수예 어호 창연 청출 톨로 해란 후나 ##그라스 김교현 수도법 아베시 전이암 정신사 정현백 조주완 중대원 클래리 키야마 파르스 혼합기 ##right 2265 Elev TGIF gang 아리아드 정신문화 측백나무 커피메이커 python 정신문화연구원 services Butterfly ##벌룬 건형 깝떠 남덕 바순 비젠 사숙 쉑이 압입 염천 오슈 윤심 윤효 으다 중언 탄진 ##KOOK ##info ENI 군마현 그리우 김명숙 우라라 유호정 이정철 챔버스 최성기 투표구 함승희 행동대 황혼기 ##양궁협회 0785 5170 CMBS 동원금속 링컨센터 멜트다운 작업반장 줘야겠다 클리포드 패스트백 Strat neuro sense 베르나르도 camera 대한양궁협회 ##ictionary Barclays Prestige ##ᄎᄏ ##노블 ##위반 ##UTY 도건 렉사 림스 배턴 벵갈 붐빌 여월 종란 ##1500 ##bean ##rupt Ans Gaz PDS Wen 김일중 대부인 맹장염 분신술 새벽잠 시각차 아난다 안홍준 임순례 촉석루 카나다 쿠로다 푸슈킨 ##중추부사 4120 void 고갯마루 느냐고요 마오리족 바꿨으면 벵갈루루 애드벌룬 탐스러운 통치권자 할라치면 alone 내려간다고 흔들린다는 ##BP ##체계 ##콥스 ##MAL Vu eh hu 막니 법수 삼배 월대 재류 카빙 퀴논 탈러 합기 해뜨 고리키 구조금 김시영 김홍균 다행이 박기현 버선발 섬네일 이길여 이표채 전차인 파리나 파이컴 ##다저랬다 2129 2369 2705 3446 Solo were 대물변제 댄스파티 벌입니다 아르투르 DARPA quick 스타스크림 Olympic express fishing Automated ##QU ##과금 ##글자 ##센도 ##킹덤 계학 구즈 단촐 댓다 뭔진 염종 용각 응큼 ##우지뉴 ##토중래 DRX RAN 김진일 대전사 돌이켰 말미잘 미인계 스팍스 유오성 이상국 이찬진 장원영 제나라 창조신 2149 2342 4460 공동보조 사회상규 잔인무도 their while 루마니아어 하룻강아지 호나우지뉴 create 증조할아버지 Remember portfolio ##샘물 ##lyn 강회 고브 관설 난맥 농활 독심 되잖 베디 서력 소종 암성 엿본 옥인 제론 종선 착할 추국 혹도 ##fire ##span KOG Wag wel 감리사 김동근 메리온 백성현 비로드 비벼대 안휘성 은희경 이건우 이아손 잡생각 조선화 토모에 폐렴균 하루나 0376 2396 3477 3773 6835 HWPL Thor 개인화기 권토중래 글리세롤 아유타야 야스퍼스 가쓰오부시 농구대잔치 뉴햄프셔주 079160 ##티즈 걸쇠 계체 꿋은 료가 스당 신응 엔간 오향 왕생 정건 최열 춘풍 형진 DSL Dyn 경상비 교향시 기타노 띄어쓰 박은주 비공인 어겨서 온다니 이병완 이영규 제사업 초경량 최일선 카리아 트롬본 한고은 해치울 2209 2253 7260 Anna CHMP 가려져서 간다르바 겹친다는 곡학아세 들어준다 라인란트 박혁거세 소년탐정 안테나숍 이열치열 ##stract 부산광역시장 ##fi ##반질 ##일지 ##직한 ##ono WV yw 간난 동령 래틀 린도 맥퍼 머코 삼군 여교 왕양 웰트 청로 츠빙 하옥 BLE NPS pig 경정장 고쿠시 김명곤 김영후 남겨라 돌아누 맘루크 베르토 생지황 스피츠 신중동 온돌방 이용상 이익수 이인수 인천역 최우량 호원동 Dont Mesh 기와지붕 니노미야 반질반질 츠빙글리 Valve sangj ##ictures Islands ##VIS 군서 두가 사질 스넬 주등 쫒고 토쿄 푸에 하록 홍빈 ##phal 김철중 나동연 나카오 매겨져 부릅뜬 식혀줄 신민석 안철상 염보성 전용상 제산제 2561 4720 nail 글로브상 기보다는 데릴사위 문수보살 붙인다면 생겼으나 이시가키 포르말린 해줬으니 ##스트로이카 나아갑시다 Harmony ##임권 낸데 리골 산현 약채 여금 음감 절의 켄치 태피 Tik Tul Zig 공유물 김준섭 내줘서 녹음도 동구릉 라는겨 매생이 박태민 보도진 사형장 세한도 양덕동 엿기름 잡혀온 조성훈 표충사 호롱불 Dall MOBA RTSI meal 가렴주구 리골레토 사도신경 mysql 태피스트리 sample 이랬다저랬다 DESTINY Measure resources ##오락 ##향교 ##화공 ##화복 감해 과류 국리 덧신 로앤 먼서 양륙 재복 질만 짜이 창인 태항 ##스크립 ##acin Kia pub tai 경운궁 기사도 김병훈 김자점 김주열 냉가슴 대호황 로운데 마미손 문헌학 백현동 벌과금 뼈마디 서동탄 세균전 우정동 이병렬 자술서 전투단 파산자 환각제 흰둥이 2244 2406 CMIM amaz 경북일보 그럴듯해 바이오리 삐뚤어졌 스페인인 hellojo 페레스트로이카 ##edo 단증 됫네 센슈 알버 제멋 ##심부름 ##otti MIP lot 거쳐왔 김용학 김태곤 누텔라 뒷동산 모아라 문산역 브뤼노 비스티 정미홍 정혜영 찰보리 처녀작 춤춘다 토모미 ##hyung ##menot 0645 2332 3731 3970 5640 8624 KREI SPSX mole usgs 두루뭉실 등록번호 시건방진 시소게임 어리바리 점프수트 제자백가 조선혁명 칸딘스키 Ranch TESOL generos Wellness transform ##람차 ##부른 ##ILD ##Val ##ogl ##pot 갈파 게제 넘네 맹랑 삐진 슈밋 암내 암천 여좌 왜장 월랑 이쉬 조브 좌골 태재 팔가 강민구 공예가 나라꽃 덕이동 라이거 만져서 박용철 빨라짐 서민정 송인호 시말서 임프레 조르조 주형철 진배없 코코로 키드니 편한데 ##ogram ##onics 2555 Dire 대관람차 마르셀루 아낀다고 자가소비 집어던져 Alber Febru Stick winner Transaction ##울리 ws 개고 개암 람스 로벨 망양 무변 방간 소점 암요 예판 지큐 해정 행콕 ##esse ##ichi Bah SEN WMF 간미연 골격근 긁적이 대목장 서머셋 신평동 유주현 이성용 이재규 청량산 탐지장 한눈팔 호이안 ##ydney 4660 Bike IBEX Jobs Scot 롱레인지 북부동맹 안티고네 양재대로 옥토퍼스 켈로이드 Paste 스타게이트 SMTOWN forgetmenot ##냉식 ##페로 ##enk 검의 경소 길주 라완 만구 서피 성혁 세든 엿봤 옥색 중안 즈리 차민 탭스 하빕 ##인지문 Egg SVC SVN num 공포일 국그릇 김두봉 마지마 베니토 샀어요 새송이 수냉식 어기구 어설퍼 역겨웠 역곡역 이용하 조사기 지글러 쭈그려 홍용표 후두염 ##illes 2241 3089 Homo 나눠가졌 천하태평 터진다고 흥인지문 Henri 시추에이션 트라이던트 script 콘스탄티노스 Tourism selection ##미우 ##발사 ##RIX 구추 근지 까락 레졸 마준 반약 분함 비련 사께 앙망 여나 예토 오폭 윈들 육경 착근 치재 태완 EEA MPR NTV ooo 강승호 대림역 마십쇼 박형구 북대구 아웃팅 웁살라 이석형 정몽윤 해적질 홀려서 2174 2179 2404 2444 3201 Bapt Ning 마그리트 아르슬란 준다든지 Crack chlor 도드라진다 097230 ##밸브 ##EDI 까꿍 꿰메 뒤탈 병립 삐뚫 새알 순해 식서 아뿔 윤웅 초광 홍백 IST oks 계셔요 박영철 박철수 아르빌 와봐라 윤지영 토시로 포유류 하인스 헛구역 3015 3305 FACE gogh 따라부르 상하이방 어려울지 지켰으며 EVENT 에스트라다 회의주의자 ##괄호 ##라진 ##헬드 ##iji ##yll 관경 권구 길조 바수 애묘 어절 월향 조법 카소 페사 ##누에바 ##달구지 ##말리온 ##4350 ##Flow Bod JIT SCE Tut 갑골문 남경주 무라노 박영태 알릭스 오스터 옥탄가 와카바 윌킨슨 절단나 화곡역 회전판 town 딜리셔스 상판대기 시나트라 핸드헬드 inner 이소프로필 피그말리온 ##quitous mathbb sangjooo ##너드 ##ija nv 강광 귀청 넥셀 마보 설중 응에 이축 케말 티베 합명 ##gang GAS 강경론 남대구 서류함 실용서 심정수 아라라 외이도 윤상기 이익공 이정문 정량화 정황근 지구전 플뢰르 혼수품 황성진 ##drive 2351 2533 5540 계란말이 바르니에 안동소주 어지럽혔 자랐으며 천체관측 청풍명월 스타인웨이 Radeon Fintech ##궁궐 ##키야 ##피나 ##LEX ##ubb 괘념 김굉 도렴 듀나 신론 염구 윗니 허클 허현 화니 Cae Mes UPA 김대원 김삼순 김학철 꺼벙이 노린재 델포이 로타르 버텍스 영통역 유치환 최수연 편도체 프레인 필그림 합주단 2362 4390 Dave Mack 줄여나갔 징그러워 커즈와일 허클베리 ##asting 괴로워한다 이순신대교 Airbnb Calvin hidden Daimler 디스인플레이션 ##개방 ##마산 ##세트 ##어람 가복 곰소 근모 깎일 노서 동설 야메 인까 종마 카말 큰비 페름 ##담임권 ##3920 Aid BRC VRA 개로왕 걸렸었 구성진 꼼꼼이 노관규 마장면 머큐어 메멘토 무뢰한 샌포드 신지호 아자젤 양동현 왜관읍 이상임 이으며 지요다 팔려야 했잖어 황재훈 흐흐흐 ##석유화공 5460 Pipe SWAT Zinc 깜빡거리 대한치과 보여줘야 일본항공 자이나교 퍼져나간 FESTI Shenz fiber 공무담임권 251270 중국석유화공 behappy ##달빛 ##부슬 ##초풍 밥콕 욱이 잠비 절창 즌이 차연 철금 피펫 호앙 호해 ##포위츠 IHT MDA MMP SRX Sys 계전기 기아나 김재덕 메어리 멘토스 문수산 민영환 분질러 소낙비 알라모 오와리 원각사 자습실 주접떠 진성호 콜레트 키세스 통일세 트래비 0044 2257 구중궁궐 메이데이 즐깁니다 코르티솔 텔레토비 Chong 달라이라마 찾아온다고 180640 Repair Talent Something ##은진 걸칠 대밭 만분 반개 암군 어께 왕부 우셨 재세 주설 지님 최귀 혼기 홍록 ##PING ##ymph VPS 가리봉 공갈치 김비오 꺼려왔 드롭스 들른다 류재철 매탄동 박용하 발리스 사브리 색온도 세로줄 스키핑 이대휘 이승주 정인욱 정재우 제게도 추병직 칠성사 통일체 포항역 하시마 허지만 홍천강 5090 sure 간답니다 기절초풍 스트랜드 여행사진 황태자비 Vocal Portal 석유화학공업 controller ##까기 ##만능 ##일우 ##mel 게드 궁구 근연 반피 배용 북수 쌍룡 어연 와본 타역 통창 Duo SBJ 고려조 구호금 궁내청 김동길 김석균 김장용 메르카 반박문 변기통 불러줄 에이콘 왔을까 외과의 우롱차 유동훈 이규택 이병우 장광근 천호역 칼데론 헤벌쭉 환해졌 황금평 흑산면 5160 CAFE wine 그친다고 모치즈키 베네딕도 선우정아 오그라드 이스트만 처녀자리 후려쳐서 Diego 상왕십리역 대한치과의사협회 ##완구 ##졸망 ##530 ##GIS 거당 관의 나잘 닙이 북통 석두 야역 여줌 오델 제브 주예 커밋 ##enta Tru 과학도 김경선 끝마칠 데탕트 박태선 보급창 뺏긴다 송선미 수사본 순화동 아야나 언주로 연구물 임미숙 정문국 제조품 최진봉 치토스 현정화 4630 dont 깜박거리 너그러워 늘린다면 소달구지 에노시마 Racing ##stitution Imperial Notebook Australian ##OQ ##딜리 ##딸방 ##보콘 ##pit 격포 꾸이 대냐 빈유 새별 신초 예솔 왕희 육진 자넬 후커 nfl 고영진 녹조류 대딸방 마요이 선주민 송내동 이루카 임관혁 지디피 차성수 투우사 황현희 ##Share ##ridge 5470 가팔라진 끌려간다 누린다는 드래곤스 부라보콘 부슬부슬 아랫마을 터트린다 허위의식 들었었는데 부드러워진 ##arantee example Magnetic ##월도 ##지게 강골 인평 자노 주찬 초수 평부 혼맥 ##3590 ##MING NFV TBJ 구매욕 남겨질 로레나 마르케 먹먹해 물러간 숭의동 심재국 어음법 우물물 최경호 콧소리 타이토 하이옌 4590 4960 6240 7220 꿈틀거렸 도라산역 바칩니다 빠뜨린다 아나콘다 알바레즈 크라스노 hotel Authent Princess ##GON ##chu 결하 대그 대옥 방오 법한 신겨 악함 안채 테론 IBT MMX THC 곁다리 교회협 단성사 도열병 독산역 들일까 떠들석 미꾸리 브로델 빗나갈 신나고 조익재 초이락 ##lette 2234 2377 CERC late 둘러쌓인 무량수전 초광대역 토박이말 황칠나무 그레고리력 스코어보드 웨인라이트 Greater reverse ##mr ##단위 ##옌데 ##ZEN 개건 곽사 맹상 부론 송라 어멈 에카 적상 제와 CSU Hob KSC OSV 건조장 김혁철 꽂혀서 남정네 대산읍 독창회 라호르 마르니 마스미 어린것 연마제 우석훈 웃음보 이인기 제일가 중고도 체비지 카자크 휘둘렸 2162 2213 2277 2695 FAST ment 기묘사화 마테우스 펼칩니다 Dress Ernst STARS 바라본다는 주택관리공단 ##두런 ##잭슨 ##oir 남탕 다액 맹달 미울 벼려 솔빈 총창 캐플 트빌 ##eder 구사력 권영민 그려도 김규태 김윤성 마리우 면피성 설욕전 성화대 송재학 열려라 윤대진 입체형 주보험 충무동 취사병 파토스 ##드라이브 2137 2708 3009 Desk LiPF 두런두런 무기력감 물리친다 얼룩무늬 이와사키 자위기구 트빌리시 Baidu dwlim 알아차린다 ##It ##명서 ##철민 ##테루 ##nal VQ 가벽 리올 면판 목진 불투 살렘 수드 시겔 신찬 요전 워록 충일 피연 헛헛 ##aron ##rock dol 가파도 김일환 나비잠 러스킨 변제기 산성역 상도역 선부동 여우상 왜고너 이기수 이문식 이영덕 키워갔 튀니스 화랑도 ##제이콥스 ##eyoon 2516 발아현미 아로새겨 체칠리아 팽이치기 embod Caeboo 트리케라톱스 Scoring Transit external ##미러 ##팔경 공왕 권남 당단 대에 루빅 마션 별매 봣나 새참 섰다 유허 장향 페토 허동 ##변호사 Aus MMG 김현지 네이더 니시다 등거리 랭킹전 류세이 벌링턴 부쳐질 샤스타 세관원 아이노 타리카 페이튼 페티시 해드릴 5920 IRIS 기어나온 쇳덩어리 수원교구 신다고요 야간작업 이오시프 투닥거리 Console landing Wearable transmission ##줏집 ##천민 교창 권내 금했 동트 득한 반계 송판 수광 야화 주령 황옥 ASS Pir Tig 거북섬 그을리 금주법 김희준 나원참 들여도 모라타 박동혁 사방댐 숙부인 시흥군 안병무 오셀로 자랑삼 프리오 한명회 해보일 혜은이 2317 3005 Evil Font 노동수요 대만해협 ##ushing Moham Carlos 그레코로만형 세종과학기지 political 간아 계제 맙의 보종 상직 여랑 지량 직대 창룡 펑리 혜문 호다 ##그래스 Jae bow nob 강명구 김희국 내쉰다 드문데 리크스 서방측 실으면 이경식 조기숙 중죄인 촌마을 카랑카 none wide 우르줄라 펑리위안 Burst SABIC heavy 가브리엘라 Heroes Actuator Selection ##반들 ##aru ##fil 구협 단법 둠벙 듈라 몽당 보떼 복천 싸개 원별 읍민 이츠 직임 포엠 ##감미료 ##스프링 CFS DNP NVR 감상회 과산화 긴소매 김윤지 바오스 비켜라 송재경 숨겨뒀 아리야 찾아든 카스코 태평소 특정국 특집호 흐려질 2484 2725 4610 4870 맞부딪치 수산업자 유구무언 장삼이사 페블비치 ##ecause Moore Shape 아이오와주 ##angseob driven ##ermanent hangseob corporate Acquisition ##롤리 ##만탄 가막 궐석 디워 로일 뢰브 미집 본뜻 비그 융점 일렉 제차 지추 포섬 필중 가수금 강화법 배수빈 부정형 신탁법 신헌철 에모리 여성관 원카드 유누스 조영주 클리스 펜리르 2237 2289 2413 5510 Toys 경찰국가 부쳐진다 아트록스 오르내린 옥상달빛 잡아낸다 쫓아다녔 칼리만탄 에이드리언 인공감미료 Valent column 오버드라이브 session Franklin challenge ##넘들 ##TAN 갑동 광제 립톤 법선 복국 본단 쉑끼 심순 압정 엘빈 오입 우웅 이빠 임만 잔털 장락 포볼 혼류 ##LINE CMD pit 게양대 골라도 괴로우 구세라 김은수 당겨진 데워서 로메인 보수동 송정리 아비아 이영민 홍지민 ##법률주의 5340 5790 LSFO 꼬드겨서 시구르드 시아누크 ##ulsion 노브고로드 마크제이콥스 조세법률주의 Instant optical ##엄경 ##sta ##yss 봉도 사잇 용포 음사 첨벙 홍난 ##etti CCA LAS Ubi Wan lyc 기형도 김해진 대평원 루퍼스 분별없 비교표 소아비 아옌데 오민지 이상학 전윤철 전필수 정금자 카펠로 2207 대기만성 미카즈키 이나모리 Merry 크리스트교 ##네세 금령 남준 막되 망주 수랑 졸본 청련 케너 투망 험멜 호한 날라간 동화집 뚫려서 복도식 빌려와 스틸웰 시크리 완결형 외판원 우데이 우암동 우토로 원천동 유창수 이미림 이태형 이호근 자동식 주철현 4690 Biom 고무벨트 patch 어려웠어요 ##gorithm 011210 Coming Syndrome ##데부 ##어놓 ##카티 OU 게기 근부 냅뒀 로셔 법유 복문 비송 양건 임혁 키팅 토메 혁진 ##로스톤 ##mail CEM FET Leo MMI SAO SED 가입금 개자식 김재종 김정인 다우드 문젠지 불침번 슬퍼요 신아람 아이더 이은혜 이태환 주사액 최훈학 풀어졌 헬라스 0655 2403 2588 2772 Tran ramp 누그러들 발렌티나 부정승차 사일러스 서러운데 쑥부쟁이 올망졸망 impro 불가촉천민 파워에이드 Sunday ##피테 ᅡᄋ 겔랑 권징 떡줄 숨질 시목 이박 진거 집화 째진 칼린 해달 헬만 희색 Lid hbh 가로축 가을꽃 고조부 김학순 냉혈한 랑데부 리프터 무늬목 박용곤 배워요 복사판 비켜갈 생산재 아니타 연주법 이양호 이태식 임종인 지방민 최충연 토시오 포가튼 하조대 호이스 ##총리대신 5530 내려져야 라이언즈 시라소니 심할수록 Jacob 신비주의자 066970 내각총리대신 Blizzard ##격자 ##펄쩍 굼뜨 널따 맹정 반당 범창 앙팡 쥐속 추연 킬미 ##agne ##uler Pok 김준태 달군다 도농역 만백성 매매춘 박우량 속상할 어뢰정 에버렛 연안항 오후반 우수지 유해물 이성준 이윤기 일레인 일반법 재통일 2363 4005 4410 sche ##NATURE ##TIONAL ##isation 유엔아동기금 coverage Satisfaction ##로치 광유 급살 대너 래라 맞댈 봉재 새요 생초 쉑쉑 유빙 재윤 전료 정타 퍼덕 ##로그바 ##리아노 ##젤로스 ##NTER ##bras ACK Ask KEA KRT SIX STN cps 구민회 김가영 김상근 김은중 날짐승 떠오름 박상연 박신애 박재규 새긴다 안압지 완강기 완득이 위례성 이준형 페리아 폴리부 Fuck Tire fold 된다지만 드로그바 레코드판 리비에라 매직미러 안쓰러움 영장주의 조용조용 펄쩍펄쩍 KOSIS TECHN ##길재 ##빠리 ##퀴스 ##팽년 ln 가객 단음 바린 보만 본수 사준 성마 인외 치역 파의 해어 ##cert 김창식 두레박 둘러쌌 류승수 박팽년 브리또 어문학 용봉동 인레이 조희대 참신성 최연희 추석날 탄현면 하즈키 한승혁 8110 되돌린다 뒤뚱거리 로디우스 모리오카 버릇없이 술래잡기 챔스리그 Serial ##릿사 ##eni 계관 그릿 기양 너끈 바끼 방이 분극 중청 지냄 타냐 핫산 획지 효공 ##리오즈 ##지마라 Did Mit Peg hcn roy 광흥창 리자몽 박윤식 보현산 보호책 부조금 안강망 우스울 윤성호 이동만 이성일 정수근 형소법 ##피테쿠스 0166 0207 꿈꾼다면 랑그릿사 레이피어 미래연합 바첼레트 반들반들 수원여객 ##ferred above 일상다반사 Graham VNINDEX ##부끄 ##일영 ##480 ##HAS Kf 노해 대취 더래 세륨 송훈 암거 위악 위징 입결 차니 최곤 추남 패링 펠스 ETA jot 거슬려 공영화 구태회 김응룡 김희영 박현정 복수전 사랑봉 아츠코 연비누 울려야 치워도 침투력 하이프 2644 cong 로켓발사 취했으나 믹스테이프 베를리오즈 Higher oksusu transm Massive ##봉사 ##시노 mM 경암 계식 궤간 귀네 금병 묘족 벤터 보면 볼기 빈출 산패 삼킴 아으 유택 장입 츠다 코플 풍압 항습 ##3160 ##elia Alm CBR Eli Rex six 감시관 공작새 김승남 김창범 김호진 남사면 대단원 릅꿇고 리리카 물러섬 병보석 아르디 아스티 양평역 온수풀 이승열 정시성 중국남 클리퍼 포대기 혼혈아 ##space 0366 5610 LNGC 넘어진다 다른데요 복식호흡 약사여래 옐로스톤 Nanya 떨어질수록 Mitsui 중국남방항공 Phoenix traffic ##게아 ##이란 ##자가 ##토론 ##혜왕 ##RIS 로쿠 밴프 빨가 스린 여형 와나 육모 윤근 자현 저며 정송 쪼여 최환 측판 치직 코델 ##아빠진 meg 강철규 구본홍 다무라 머천트 모기향 밀양강 신풍역 에다노 오이도 윤치영 이정섭 이종태 정점식 충혜왕 통계법 피아나 헤아렸 홍경민 6580 sexy 누드모델 벌어져도 부른다면 압축강도 영웅주의 이충무공 ##olitan 대공미사일 올림픽경기 ##obacter Parity something ##체리 ##IDO Mp 감국 견마 계라 누사 늘였 능소 럴모 마어 산과 악송 오네 우네 추분 하량 헥헥 황허 ##보로스 Rib WAP WPP 김기철 김우현 꽃장식 나사로 달려올 반민정 부도날 부동표 송신영 시아노 실내복 여겨온 우장춘 장선욱 절절매 정동기 정진후 쫓아와 편찬자 피어리 행오버 2422 2633 3112 OFDM SEAL 나올수록 동성연애 뒤질세라 어쩔라고 정묘호란 entry Silent charge ##테제 ##NDA 델구 림사 바얀 분견 빈트 양밍 이엄 찬주 치차 평교 ##Serv CRE ONS 간질이 고혜란 내식성 닥종이 마수드 메달리 모아뒀 바르도 선홍색 성찬식 이도연 장우혁 조상대 홍종철 2511 2536 2572 2755 따라다닌 윌리엄즈 ##icious Budget assist 온데간데없이 hyeyoon Chevrolet Resolution ##ILY ##rus 공깃 무엄 묵가 오탈 잠항 조저 폰드 YCC 김정근 나을지 달라들 로다가 민주제 박무현 신태현 위장막 윤근영 이태곤 재배정 프로게 한혜연 할진대 2256 2636 2686 4360 Drum daum 권문세족 내일신문 바람피우 불렸으나 사보타주 세바스티 세쌍둥이 영웅호걸 자린고비 그랜드마스터 프로게스테론 Pioneer Procurement ##LAT 골국 단월 바노 소씨 시충 ##rate COG Nue wal 구미역 군자동 도지마 르메이 메인주 선종구 센텐스 손수조 스탕달 아르미 이윤수 제임슨 주도로 콘텍트 타입문 페이저 ##aries 2448 2523 6380 사다하루 펼친다면 ##encore north 실리케이트 플루티스트 Angular Prelude FESTIVAL Precision ##다름 ##력강 ##방어 ##왕짱 ##퓰러 Rb 게실 덤벙 랑이 만요 배자 순동 유륜 유요 임질 자광 캄코 톰스 고원희 김준식 백승수 서기열 세이카 수영강 이성권 킹왕짱 하준호 한경호 2089 2339 2911 Vivo 구로사와 드러누운 들으시면 라니티딘 미우미우 서정리역 오성홍기 오치아이 이야긴데 타르타르 헛똑똑이 Armor conts 그러니까는 인천시청역 ##암산 ##익수 ##지트 ##탕카 ##ERE ##USD 갈궈 돌상 만근 빌어 사권 순은 유여 이령 출비 쿠부 홍옥 ##글리시 ##클리프 CDA GGM 고품위 공통성 길항제 깐풍기 남승우 노종면 대포알 발싸개 베링거 불연성 비매품 샛노란 샤를르 성황당 소네트 순소득 신화사 여관방 왕안석 이동연 이자성 ##odesk ##recht POCT 간다더니 간질간질 드보르작 마이클스 마호가니 아울러서 취했으며 퍼뜨린다 피에몬테 Adams 여겨졌으나 framework ##그렌 ##셰스 XV ri 계임 금봉 뉴리 덮였 린터 미양 배길 빈볼 빌렘 선초 열조 영운 주난 직필 초헌 춘자 퀴놀 토자 현문 ##톤보리 ##oral Bil Caf Ghz Kas SEI 경광등 금왕읍 델러니 모셔온 북창동 시복식 양북면 외가서 요시마 이상대 입교식 정읍사 젤라토 탄방동 황규원 ##rator 0269 2875 5860 6160 세운다면 차오른다 Craig Ville ᄋᄌᄅᄏᄏ 모자란다고 ##ository 001120 coming 교통안전위원회 variable ##arr 가몬 랑의 반식 방예 부형 지결 폐과 ##ambh 돈벼락 미황사 배앓이 손괴죄 식충이 여인네 오모테 이엘라 이한성 조준점 증정식 크러셔 파멜라 하층부 헌정회 헨리크 ##ocity 2131 2238 2249 2603 4910 5670 Swan 도톤보리 야노시호 엘리시움 자빠져서 Wings 교향악축제 다가온다는 로그라이크 잊어버린다 PayPal Weather perfect ##iC 왑 강환 게에 베린 브르 앞코 위명 중영 핫샷 ##로이트 ##틀러스 ##forc ##host EIB PSN PST QOQ 김가연 김우남 김태연 미켈레 사상충 오쿠마 옥산면 요상하 이발관 이소현 장혜영 조해주 최현수 쿠바인 할려다 황성수 후평동 흑마술 2203 2293 2744 5870 6012 Brav scan 고장력강 금덩어리 언덕배기 우편번호 천연섬유 clock 복숭아나무 지나갑니다 ##GT ##성교 ##아장 ##치니 ##킬라 리첼 만델 안충 은솔 진어 차전 척사 텔슨 퇴촌 홍루 흥취 ##TTER DTD ION VIN 경작자 구해다 김천구 김희경 녹인다 둘러메 로켓탄 사유물 설악면 스테프 신고법 신성우 심박동 약오르 영인본 이한주 장종훈 조상현 종유석 카시와 티아나 파퓰러 허물어 흩어질 ##ached 2242 2364 날렸으나 된다던데 안전밸브 앤틀러스 에마누엘 피지배자 CERCG UNDER 소포클레스 ##RV ##중석 ##첸코 ##토셀 Ez OI ᄑᄑ 둔곡 떠가 만생 보당 어재 운학 원품 중싱 질른 ##브로스 교육계 김보형 담뱃대 목주름 무찌른 수송력 스트렐 신나라 아랫돌 연주력 온수역 외교사 자금액 조영택 죽일지 진부면 카즈코 표준말 풀어지 홍정표 희랍어 6790 BACK BASE ICIJ imag 모래폭풍 불구대천 브롱크스 자정작용 커피나무 태안반도 투르크멘 호베르투 Domin Query 바이로이트 블레이블루 Chance Stadium release contsmark ##감각 ##라켄 ##Kit ##rov 따논 매든 바콜 앙사 옥남 종필 진섭 캐츠 큰이 행마 AHP CTL HNA Kol TIF 거리제 겨자씨 김영학 김철규 선민정 아녀요 원산도 윌밍턴 유진오 윤준호 이치바 전병조 정샘물 훌쩍이 2161 2474 4920 Dole JUMP 럴모터스 실내조명 아무데나 인터라켄 지껄인다 Latex contr sekki 돌아갔으며 Append Cherry Crisis Formula Benchmark ##갑판 ##파뉴 ##함산 금후 마룡 손광 습죠 야뇨 약장 에키 온숙 욱기 조려 진초 ##저러나 ##전시장 caf fle 김기웅 김현재 다카르 당겨졌 드래고 레일라 박기원 배동진 사카타 송호수 승차장 쓰라림 아이캔 알버타 야생초 오무라 윤일상 윤준병 일깨운 자기력 재료주 채워라 치룬다 황해남 ##encia ##mouth 6940 Bone 누군가요 리도카인 마주친다 바운더리 복숭아꽃 어거스트 요시오카 황조롱이 asian Rogers setString ##뚝딱 ##어매 ##토럼 ##ODE 과할 나린 뇌섹 다에 뒤차 신새 어슷 접도 지직 진환 콘란 탤리 ##obia Coc 김기원 김성보 김인성 단발령 대곡리 동광주 봉덕동 성감대 악송구 안두희 이창영 일조각 장지현 진홍국 호출료 2335 2368 5890 SURE 그라나도 다르푸르 디미디어 바랄게요 백범일지 전자소송 Candy Rules Wheat 환경보호국 SIGNATURE ##골제 ##취지 구건 도게 무유 밥심 봉입 북행 섭하 쇠줄 우며 우혁 월자 제낀 종덕 EEC Hud Jak OSI Wid nik 강종구 경찰복 고기술 골육종 공명선 금가루 기속력 맹공격 목구조 벽골제 브레즈 블로섬 상급심 쇼이치 암표상 외과학 접객업 주석단 지브릴 천부인 철천지 탈탈탈 판매부 화엄종 ##elter 2274 5240 bbor prec 백상아리 산다는데 줄였으나 플라이스 주체사상파 ##endence 122870 ##동이 ##지지 ##포면 난들 내처 놔요 매양 뺐기 양은 오들 인몰 조필 찐하 추체 패업 ##그로스 BSR 강동완 고영희 그르칠 내사랑 넓혀갔 상동면 샌토럼 소개비 신동민 이성교 일본학 정동하 짓뭉개 혼혈인 홍수피 2521 2569 OSAT 라자루스 ##ortium Italy 국제전시장 피해망상증 미아사거리역 Unified download Chemistry ##나두 ##네리 ##망경 ##바귀 닛신 다릴 대릴 될성 문흥 쇄석 영비 쟈크 조닝 취부 피콕 하래 ##셰스쿠 ##천동지 ##9080 ##ceed BNY MIM trs 고산자 그런대 급정지 는다네 단팥죽 리저널 박현수 배준영 변해왔 소이탄 스테일 오정연 이강호 임하룡 통진읍 한영석 회갈색 2273 5330 Diab Evol LoRa 나눈다면 동남은행 삼광유리 서양화가 잔심부름 Strip 물푸레나무 차우셰스쿠 ##issance 192820 Member correspond ##로즈 ##부조 ##얼리 ##온지 ##쟁명 ##MON 꺼정 꽝꽝 덕암 벌서 봉납 사총 씨야 엘카 일운 초군 하팍 ##미지근 ##Life PIS Sed gbc 가삼현 건조로 대우주 만듦새 박경서 야나이 어지러 원지방 유명산 이성원 점액질 챙겨갔 카트먼 클랩튼 플로터 2166 3011 5710 BEAT Sain Sold coin fido 뚝딱뚝딱 백가쟁명 이마니시 Scene 뜨뜻미지근 보일지라도 하팍로이드 Guardian Transition 댁내 말름 서순 완독 장후 종루 치경 KNS Lik ᅳᅳ이 김찬호 김창희 냈어야 무지갯 미주알 밤송이 샹파뉴 서폴드 양진영 영세농 이와키 정박아 지투알 철산역 청명절 큐비트 토닥여 2168 2759 5270 Wald Yoon john 가이세키 대전교구 미끄러질 선민사상 시맨틱스 흩어진다 Chrys IDOLM monet 대중목욕탕 받아들일까 스트로스칸 을유문화사 한국산업표준 Allergan ##카날 권화 노일 뇌우 말코 부견 사술 성에 일링 작도 해강 Jur 경찰견 농사철 더워도 마모트 민수기 보문동 사차원 신용호 알까기 에델만 원기찬 위그선 이선우 이찬희 자동자 재량껏 주권국 차려져 탄산염 토닥이 풍운아 한식집 흑태자 2468 harm 경천동지 딴짓거리 마카로프 맞춰진다 스기모토 원효대교 행해져야 회중시계 12525 BIXPO KTNET Patch 넘어간다고 Symphony 관창 교상 구존 궁창 레블 별식 오족 은택 짝눈 초림 판전 휘석 ##톨로지 ##user kal 구마사 급출발 길들일 김길원 남산면 내금강 바스락 방정맞 불어올 상종가 선전관 수트라 승리감 오자서 오정복 와일더 유동균 유두석 으니께 이재화 이지용 전용인 툰베리 향남읍 허민회 2136 2261 Heng 미적분학 살구나무 수공업자 유데나필 저지를지 큰소리쳤 프로시저 ##antrum Mobil Agriculture ##류왕 ##어즈 ##NDS ##btu 결문 더크 독본 들볶 여탈 춘하 타탄 ##보카트 ##conn AVM 공순이 권기홍 기름통 노정희 늑대개 대사제 독서광 매교역 미리내 속도계 이정규 정수진 칠수록 쿨리지 통계량 피바디 ##price 0385 perm 마나우스 아바마마 앨버타주 으니깐요 캄파니아 PIMCO kisti refin 아드보카트 006260 Airbus PERFORM Warning rolling alliance bborirang Responsible Laboratories ##복고 ##야들 ##트겐 Ey 꽃신 남형 부싱 승규 아룬 안화 인요 임방 져지 증성 증지 초주 키파 합조 ##abet 갈래요 관훈동 뒤지게 레이센 린타로 쇠부리 스친다 아난타 어린잎 오이씨 윤석화 이방성 이이경 이주수 전미선 젖혀지 카르페 허바드 화장수 0532 2299 OPIc SAMS 갯지렁이 꼽혔으며 돼지감자 전심전력 카도쿠라 팽창주의 폴란스키 Vital 대산문화재단 leverage ##흥면 ##pac 광관 래그 로완 리후 머더 무간 북종 손교 야우 옛터 오패 파묘 과전압 다신교 롬바드 마장마 슈사쿠 우라질 의협심 이정근 잡상인 정겨움 진홍색 프로디 피조개 하이넥 해양성 현상액 2158 2186 2344 2495 5420 Hash 다룬다고 지하수위 클로로필 하수급인 MacOS Sonic wanna 브레즈네프 inphoto feedback Apartment Nutrition distribution ##나감 ##CAT ##Web 깨부 생어 속닥 역재 육국 조암 좌욕 차봉 첫판 춘사 푸푸 한현 흡한 흥초 희선 NLD ban bif ryu 고우영 귀여울 꺾인다 두둥실 렀는데 류길재 박종희 붕따우 빌리튼 신원호 앨릭스 양상국 윤보미 음수대 이베르 이윤화 이재동 증거품 철도선 페루자 피사로 한스타 ##투스트라 5660 Cole mand mort 공중제비 과달카날 될성부른 든다면서 뜯어고쳐 온톨로지 자리싸움 Influ Theod 로드리게즈 095660 MERVAL unique Advance Privacy Wholesale 궁한 대철 본신 승군 윤유 청승 퍼디 행려 홍태 ##크루스 ##페지오 ##acks ##ania iea kys 구암동 디디에 디엠지 면장갑 발정기 부닥칠 서남수 얽매일 업타운 연속선 이성기 이주성 이창규 주민수 진단다 혁신지 2441 2506 2573 7110 KFDA Kcal lact 고생고생 교통위반 끼칩니다 드라크마 산화질소 살랑거리 왕정복고 임한다면 콜레라균 ntilde ##HQ ##부득 ##삿일 ##자나 ##헤임 ##효용 ku 견진 니니 류구 목불 백순 본태 업의 요엘 원왕 자적 재독 포란 Aaa LAC SEK SSP VPP ecc lbs 게걸음 귀족원 김혜리 논현로 마나부 작살났 장승업 조수호 지진아 천상병 탐방기 통사론 해룡면 허미정 2313 3636 4940 7710 미제라블 옥시덴탈 정략결혼 페테르센 Offer skill adidas 하드리아누스 Protein ##삼봉 검머 기남 길보 니탓 달싹 몰기 불르 안곡 월이 윤범 임옥 재장 주룩 즈려 참게 추근 칸투 평장 ##슬라바 ##1600 ##enty ##ussy 견갑골 국민역 김일구 김호종 김효선 나니와 다리털 대구텍 동양사 들이붓 맹세코 소류지 안전핀 이민규 이우성 이희정 장세동 총톤수 최양하 추리물 5001 8890 서울예술 야들야들 양어머니 오리피스 오이시디 클로즈드 타티아나 폭탄선언 한다잖아 Alexa intel 나돌아다니 Nvidia ##슬렁 Wu 금혼 대례 먼개 못쓸 범중 변침 상촌 우류 의신 조당 필화 ##리아니 BET Elp FPU Kel 김선진 김용갑 다이올 당하동 박태호 살려줘 세르주 송창현 압출기 오동작 오범석 임세령 전미도 정세진 타키온 판교동 2191 2565 conv 빗물받이 시온주의 어웨이크 정떨어지 제과협회 청구취지 한솔건설 ##umping ultra 스트라스버그 partial strength 감이 겔러 블릭 섬강 알씨 여염 윈디 토초 포폴 해줍 허임 ##로드롬 ##burn ##erie KCM KER cab cpt 거품기 골드선 과천선 김기림 김대일 김택수 데쳐서 만다린 박인수 성재기 시가현 알림판 에보니 정연승 진엑스 처먹이 캐롤린 케언즈 크래킹 탄성파 탈옥수 틀린지 파르시 6010 6363 벨로드롬 우라노스 집어삼킨 Tensor February ##TIA 각가 간츠 목하 봉개 세구 어쪄 웰즈 젬마 집개 축문 탈까 현곡 ##bour ATT BDS JAM Soc bkh 가까와 권오승 그칠지 김호기 끌어갈 레스코 미납자 박현우 사마염 애제자 이한승 임지원 정기훈 케이토 학동역 ##무공훈장 2427 2454 5380 6868 9090 Buzz FIVB PARA kkor 들여보냈 마장마술 실현이익 Reason Rocket Builder Internal Associates ##OSI 구일 남감 농외 뇌실 다성 뚜들 만공 반곡 분면 전목 주억 춘시 파페 팰릿 ##디데스 BAG 가져줄 겐이치 공실률 김영무 김진구 김창한 말뭉치 모셔왔 문어체 수요가 스탠턴 자코모 케일러 코헤이 포비스 핏방울 한지혜 회암사 2382 5005 8980 hour 스테이플 엉덩이춤 엑소시즘 직통열차 크레더블 합친다면 헤어나올 golden Refresh sustainable ##다양 ##kor iK 루바 법동 봄동 사녀 심안 야니 오온 저이 전왕 지철 집일 치디 태흥 헛물 훈고 ##anto NVH 공복감 낭비성 드높인 땅장사 레녹스 롯데햄 빅밴드 성산면 신태일 아파할 야코프 에르빈 용접봉 이창석 장미희 중심핵 최상대 취조실 2703 CFRP Dust Hull 무지갯빛 민원사무 아장아장 자선기금 진다는데 하나은행 ##웨스트우드 Draft Ridge woman Density Workshop ##SW ##자답 ##푸틴 ##Car 강예 내논 농양 상팀 앙앙 육장 의처 정탁 총람 캐낸 프렛 활빈 ##하르방 ##rose 겉껍질 데비안 범신론 부루스 서영희 시공품 실업가 오아후 이유영 이혁재 잔존물 재무성 최종태 피라냐 한홍구 ##archy ##occus RNAi 동화은행 아데나워 우편사업 밀어붙여야 064350 201612 SHCOMP kkorazi transport Publication ##RX ##다식 개폼 근전 기야 동순 신노 야반 융희 점잔 지짐 진린 착면 키린 택진 플록 피공 ##베리움 KTC had 갈산동 관둬라 김윤정 김해준 나혜미 따라감 몸수색 송준길 수출항 액취증 어깨뼈 이멜다 이소선 임정엽 적벽가 지아니 클레망 회의석 ##iplex ##issue 0071 2266 2393 5360 Shut 당간지주 돌하르방 몸부림쳤 반가워했 통합니다 Atlas KAMCO LEVEL 타이베리움 ##amilton kyeong 개뼈 굉이 단벽 답서 면기 명전 바넘 베벨 시생 알샤 어쩝 연교 종례 표찰 ##세포네 ##플러그 ##REME ##iste DSS JAK PSM 강은탁 금한다 급해졌 김경미 드라는 박영옥 반사식 범천동 선문답 소흘읍 예삿일 용단지 이그나 이노근 이안류 이윤영 정은채 최하급 토성면 홍제천 Giga Rent 그라인딩 그랬잖아 레이더망 움츠러드 일조시간 칭하이성 페이즐리 ##프라데시주 페르세포네 Harvey conduct Essential ##gh ##cia ##ten 계탕 껄렁 스랑 애나 입정 치영 해평 협주 ##pper TAA 강지원 공작령 괴산읍 그루트 김하영 도렴동 따라준 마사야 명일역 발달사 발신인 보드랍 신길역 아이칸 요나단 지축역 특약점 한강수 호북성 홍대광 ##itors 2279 2308 2727 2735 2795 5290 내버려뒀 녹아내린 메가와티 위생도기 재잘거리 정크푸드 코이즈미 20150 junoo 내려간다는 클레이모어 Buffer Curved ##veraging Insights downside 비비안웨스트우드 거량 깝다 꿰찰 변도 알크 종임 집례 티눈 파블 ##키스트 ##ruct THB ᅢ가리 고지용 네크론 대산면 박형우 백본망 브라마 서정호 설쳐서 성학대 신대철 영통동 육식성 자가품 잡혀도 토치카 프론탈 ##플러그드 2138 4790 Chin Duke IITP WLAN 돈주머니 자랍니다 자문자답 카와시마 키득거리 희유금속 ##hausen Crist HOTEL Lotte 언플러그드 373220 Metrop Matching Networking ##머루 ##오입 ##ele 결체 관염 구점 논파 뇌중 래냐 부잔 탄탈 합곡 PES Yak fot 고성현 기압계 꾸려갈 났잖아 박초롱 복복선 사기쳐 새조개 성기학 신돌석 심해짐 안현호 얼뜨기 유격전 이덕희 이재룡 이재상 이주희 조대현 짜여지 3114 4710 7171 Thai role 넘겼으나 넘긴다면 비올레타 전자종이 Align Walmart 인디애나폴리스 ##기공 ##MOS 갸륵 계남 녹기 다압 둔내 세장 신운 안쳐 염인 주삿 찡하 ##돌리드 ##9600 AFL csv egg 간섭계 광선검 김남천 냉동육 바로우 보하이 봐야죠 스완슨 아일린 연판장 열어젖 오영환 이다영 이런다 임창민 작업기 찔러도 2163 2281 2775 EBSi HEVC IBOV STAT 가집시다 신드바드 인의예지 주삿바늘 테라포밍 돌아왔으며 봐야겠어요 ##oupling Statistics ##기세 ##당이 ##브산 ##뿌요 ##선다 ##시옷 ##ynn 각대 급차 길모 노저 수티 아단 양오 요라 주월 칠전 쾌투 ##기러기 ##aret 개그계 기달려 동부여 리피터 범죄학 볼란다 브라자 산해경 슬래셔 시노비 이형준 혁신당 2294 3612 6570 sort 뿌요뿌요 아마미야 아전인수 헷갈려서 tower 바야돌리드 Restricted ##IK 그룬 급재 러미 봉희 불선 수바 스럼 쏘여 위훈 조칙 족가 줄눈 칠칠 테린 피침 ##idea 까다로 나프탈 루아르 명령조 물장구 법정시 속풀이 수훈자 아이반 응원석 인출장 장석춘 장승포 조해진 중심시 지표수 측우기 티어리 파워넷 2278 2297 2586 ENER 곤두세울 늘어뜨려 먹일려고 메타트론 바라나시 방갈로르 사시나무 약합니다 토모카즈 chart upper 벨라스케스 allday African payment ##PM ##광복 ##랜스 ##러덩 ##박근 QB 동키 때가 록웰 멸사 미창 센데 심선 써붙 은종 쟤들 종돈 터덜 티폰 하병 혼모 ##cons FCW LGA SCV WPC jbj mes 김주환 난시청 놔두었 두서너 서형수 채소밭 케피코 테츠오 2315 2348 3058 4830 구부러져 만들어진 비틀거렸 살린다면 이구아나 지겨워서 형사보상 scene 두려워해야 bkhong Positives 간의 갸루 걸르 곤명 금녀 둑길 드름 등성 박초 지료 차여 커갈 행료 후토 ##수공업 ##enes ##opro ##ourt CNA Hir KMP 강병철 강영구 깔려서 레니아 마른다 맥마흔 불려갔 서창동 소장본 시게오 아구찜 정박지 종이쪽 줌렌즈 진주역 청천동 코크란 택리지 한문철 한시법 2194 4730 5820 Brun IMFC near 달립니다 브리타니 알샤바브 줄어듦에 칼리스타 ##istent Brill Drama 가내수공업 살아간다면 테일즈위버 ##ulatory 플레이메이커 Heights finance entertainment ##가만 ##펑스 ##uty 고플 란카 만금 볼게 북벽 쉑은 승혜 윤찬 잠간 적송 창생 타레 홍구 ##8880 ##aire EMF 고깃배 대야동 뎀벨레 동키콩 딕펑스 박경준 박상길 부족수 세로축 순직자 유역비 임종성 재교육 정경화 증명력 짓밟혔 초한지 0390 2526 3912 8360 KWSE sulf 국민학생 그린다고 사사오입 선더랜드 픽토그램 LGCNS PCOMP Canyon Combat ##면허 Hb 건거 금생 려포 루핑 변통 봉익 부럴 빌보 상유 송곡 쇼와 숙변 양푼 지암 청건 태니 혼행 ##댕이치 ##nail EST Neu TEN 검단산 동편제 라흐만 마광수 마니교 박형수 부정취 손동운 신동훈 쌍문역 암호학 이경원 이종진 정종현 중계차 질랜드 체육상 하춘수 ##ought 2605 미끄러워 바글거리 소백산맥 썬키스트 아나바다 아열대성 cache 전문서비스 Sebast password principle governance ##혜성 Sd 규사 백곰 설핏 스폴 혐중 화급 ##도키아 ##4940 ##Note ##enne Eis 고쳐질 구개열 구스만 당구대 마전동 박재민 박종근 비신자 석조전 송별회 아홉수 오므리 유명순 윤일록 최관순 특수차 확률론 ##elier 2769 6430 8610 기밀유지 되새긴다 디스토션 부리부리 Keith 셀프서비스 와카야마현 카파도키아 Bushel CRISPR MEXBOL ##가설 ##든스 ##로바 리방 볼스 산데 셀비 신옥 우구 원말 육적 융숭 잉거 진욱 쪼까 픽서 한생 현묵 ##에틸렌 ##VIEW ##ummy RAY 공업계 권용관 김용건 김일권 남인도 레이라 박종오 성정동 영치금 직지심 현병철 ##aland ##oning 2502 2774 국방정보 근심거리 마라케시 모읍시다 붙잡혀서 사업부제 알레르겐 애드리안 이누이트 타밀나두 ##stance Occup 011810 statement ##계영 ##놔서 ##탈춤 ##흥사 게서 국승 군남 귀축 김법 두언 똘기 문찬 바까 벨마 붐벼 성법 송촌 야토 에사 엘마 젬스 중허 탈시 포블 허친 ##천자문 ##ctic PAD SAF ath cvc 고지전 금산면 만주어 비교기 수리산 우국충 유바리 임병욱 입주식 제러드 질러라 탕정면 허브차 2616 Bert HSFO crow 걸어온다 그렸으며 김밥천국 다카시마 시사자키 Deluxe SASEIDX ##낸드 ##너트 ##새기 ##요노 ##우르 갈말 군보 귀곡 단변 루세 멋질 목만 사현 싹뚝 쏘인 용녀 인각 참매 ##모비치 ##프라방 ##abel ACP FGI Raj 가질지 갸웃하 건설장 구경회 구룡산 금속분 김홍장 늘려갔 대기후 라지브 박물학 승낙서 신규대 알레나 어서야 에릭손 용혈성 이중삼 임지수 장효선 좌변기 지혈제 ##이갈매기 ##esome ##itzer 0038 2372 2384 2472 2527 Bush 북한산성 아이고야 오래간다 왈가불가 이뤄져왔 임의동행 잘라버렸 항고소송 호스트바 Basel 루앙프라방 016170 CJmall excell KWSEIDX mission ##셔주 ##한복 건준 군성 섭생 시과 신달 야규 일필 차부 파네 포증 hpa 격전장 관용어 낙원동 레이젠 마르트 명학역 사비성 서명석 손길승 연건동 오인환 왕가위 외상값 유우코 이현종 입가심 정기섭 치켜뜨 하이코 FFVD 어떤지도 어쩝니까 적포도주 황성신문 Diode Sorry TOKYO twitter ##ategories kyeongin Pharmaceuticals ##염증 ##혜민 ##igg Gx rn 농염 병일 산우 설폰 소머 싼데 알무 약통 와따 으소 적삼 족지 종괴 쥐불 콜슨 할튼 화금 환마 ##달로스 ##잼버리 ##ocks FTK GBK NMD TYM woo 강권석 고형곤 동부인 바세린 외래객 외로우 우사기 이은결 정병철 조안나 털털이 프란스 ##희망연대 0600 2187 2451 3225 3375 4840 6320 KTOP 경쟁시험 그랜버드 다한다면 진화론자 찾아다닌 충정로역 Files 서울예술단 세계잼버리 미래희망연대 Glencore wireless individual ##도박 ##이었 ##장경 광재 금잔 데렉 무천 벌임 요그 월사 음핵 저애 종관 춤곡 팻감 폐철 허대 회문 ##스필드 ##othy 가공법 김성순 김태동 법철학 보충대 셰리프 소리친 수검자 시집갈 신명철 오취리 우희종 이슬이 이즈나 조남관 질화물 통계표 허윤홍 혼계영 ##ersey 느려터진 다니가키 따져야지 마이동풍 세베루스 신라교역 아크릴아 플라티니 004990 Nickel ##paration Diagnost ##격서 ##막신 ##펄트 ##ilo ##kan mW 관립 구증 늘품 돌문 라따 방회 살게 인일 일공 종형 준족 칙어 클랑 황근 ##첼로티 ##ANTA ##TICS ABM GPC NST Won ist jud nsa 개봉역 김수한 김윤철 김창록 사리탑 상관도 역귀성 유재성 이하응 임영호 주례사 치뤄졌 컸으면 클래드 티뷰론 한국상 한티역 2599 2732 2825 6120 골탕먹이 그런데요 쓰인다면 안첼로티 예니체리 카르스텐 프랑소와 MORPG Merch 서브시스템 Shenzhen category practice ##카곤 Cf Ny ᅢᄉ 기감 달랏 덕치 묘제 범례 블란 업게 영능 웃대 자채 집금 착의 퀴네 ##빨갱이 ##짜르트 ##프린스 AVI POE arc lsi 각설탕 김병일 명사수 오시리 이문재 이사무 이우정 자작시 장현식 재판서 종말론 주우러 차명석 8240 DeFi 글루카곤 바스케스 베니키아 연체동물 천태만상 카르니틴 캐터펄트 테레지아 angel mover 돌아왔으나 리스테리아 Buying Manual 우크라이나어 ##상박 ##초크 ##Too ##oux ZD 권언 그든 동청 로뎀 리론 산차 수옥 업화 이죽 이층 진철 캔들 펴졌 학의 홍서 ##디스트 ##브론트 ##Chat ##ondo 강형철 교수대 김인중 도암면 도어즈 무츠키 신수정 아노미 안내양 어진동 완화제 이호영 일러준 장사익 정난정 해설집 화승총 2181 2478 6780 ADEX Ampl clin gift 가와무라 달라질까 도망쳐야 듀브론트 모짜르트 스턴트맨 팔립니다 후쿠이현 18650 Inner Rhino large 나아간다면 안하무인격 Justin correlation ##Yo ##고동 ##스만 ##취식 ##DAS ##PCB 뮈라 보랭 세군 손홍 엉큼 일후 장웅 차한 크락 탐낼 편조 프릿 ##anga ##bine cyt hae 김창준 레피니 메를레 방수로 봉평면 식물상 요만큼 증원군 추스를 2391 2399 Bong 고비사막 녹화사업 달라질지 던진다는 바래다주 전통주의 집어쳐라 ##Sphere ##ailand ##enheim Aging 노스탤지어 비야누에바 흐느적거리 LIMITED distance receptor ##며불 ᄁᄆ 건투 럼스 성각 왕리 지란 탔었 편마 하며 ##ribe DIR LDF Rim TOS ksp ppp 교수단 당치도 머리수 목공소 변조기 변지영 부숴야 세이퍼 손도장 수배령 윤태진 이무송 이영상 임기중 장용준 정성욱 지불금 지천명 코사크 토함산 0411 2169 5179 5370 8960 구슬치기 도치기현 들으시는 무전취식 속삭인다 스타이렌 아마란스 양손잡이 울립니다 퍼센티지 핼리팩스 Polar Shine 누그러뜨릴 무화과나무 수마트라섬 우로보로스 survey colspan Phillips Injection ##포린 ##rex 강폭 과적 녹림 복관 빈티 서휘 아대 요수 주용 창만 허닭 ##며불며 SJS 가거도 개척지 기든스 도에이 로레인 바크르 박재식 범서읍 유사품 유세프 이달고 임주환 정치면 중랑장 지기호 타다시 파르크 필리피 하숙생 홍석준 ##르크세스 ##Class 2476 2998 4820 Lisa tell 교조주의 다케우치 라스푸틴 불타올랐 울며불며 나이롱환자 다이달로스 여성합창단 크세르크세스 Secondary ##JO ##표현 갑종 궁터 권발 꼬미 내쳤 데린 러요 법기 베클 보바 부저 소별 영책 온보 잡신 조옥 테판 판수 화옹 Ryu kir 다다오 리웨이 박상학 사마사 산업선 서준희 석가탑 세일럼 소화물 의암댐 이어룡 이천년 전군표 탕탕탕 ##itted 2284 2442 2677 2895 5140 7770 CMMI Luis OSJD WSTS cham 매리어트 세웁니다 으라는데 으셨는지 포동포동 흐트러졌 프리마돈나 001450 ##키르 ##판결 ##RCH ᄊᄏ 그인 깔릴 낱알 성월 윤무 체향 해거 홀덴 홍헌 ##연화경 ##저장소 ##gate GSA MON blu 간스케 금지금 김명철 김원길 김천역 김평일 라스코 무결성 블루온 수령인 전환가 정수영 정일훈 최다빈 카즈토 한고비 ##ortex ##stand 7890 stem 귀양살이 부딪쳐서 살풀이춤 유도요노 청량리동 칼리굴라 ##scious ##uitton Vegas afero 이에스에이 ##스트라다무스 028670 포르노그래피 battery strateg Autodesk Signature ##군단 ##LLY ##ref 게워 관둬 궈안 능교 망침 붓꽃 서먼 투이 폐강 ##라바드 ##클레이 Sia dsp 곽대훈 기요시 김종근 상하부 신문학 심상범 아이필 윤전기 이석철 조대엽 지주연 진건읍 케일리 포에니 풀릴지 ##green 7320 Aero born heee 개혁개방 와일드캣 MEDIA extra ocean Guadal 비디오카메라 하이데라바드 ##국이 ##뚱어 ##뜨끈 ##민복 ##바그 니넨 돈맥 돌밭 마게 보삼 숭인 시윤 심권 차조 창도 처의 측도 ##기세덱 Dai JAC Loc 구부렸 김효재 대위법 마사카 바빠요 반한다 비워둔 안와르 연탄재 원성진 이지희 정비공 짱뚱어 페인터 0522 2196 4740 5630 6020 6520 COLL Emil NABE 괄목상대 능이버섯 뜨끈뜨끈 멜기세덱 엘라스틱 티아마트 한일회담 할려다가 20190 drink 알래스카주 호르무즈해협 Philipp 노스트라다무스 Derivatives ##치렁 ##태아 ᄋ씨 넥톤 뜯겼 맹골 물분 배광 삭탈 설빔 속통 저사 체흐 ##자부로 ##탈로치 ##heoo DBA NIO VGT 강환구 겨울비 노랭이 라무네 배병우 부리람 셰이더 손태영 송희경 심재현 알퐁소 오티콘 이문제 이투스 지나감 출발역 한인섭 함백산 ##보건의사 3363 5440 8010 Eure attr suhd 내비친다 네임서버 로소이다 백마고지 birth 이투스교육 페스탈로치 Sketch nyheoo 공중보건의사 Utilities professional ##지성 ##aus 감력 남들 숙사 안라 여독 일베 자관 토방 ##아미타 ##wave DRC DUR NCI 공급지 공장가 김남근 는다기 될라고 바사삭 박기웅 박창민 부흥이 브랜도 스피로 쑤셔서 아키나 유기홍 이매동 조스트 축제일 침략국 카가와 포트만 홍성수 황지수 ##avier 0021 2307 2407 2456 6180 EAST POOQ wkbl 마이클코 슬레이드 시라쿠사 신변잡기 아른거리 자일로스 SPORT Swiss 까다로워질 일베저장소 garden Question 맣 ##백관 ##춘몽 ##ELD 누는 디이 라작 매음 무쓰 어브 유렵 태모 허의 ##anni dll ple 각성기 구이린 군나르 나막신 닥쳐왔 도화서 박정태 스윈튼 시빌라 암바니 엘로드 원영동 월레스 이성주 일진대 자유국 주기성 주키치 케이퍼 0191 2906 4805 공존공영 꼼데가르 사오토메 언더핸드 지냈으나 치렁치렁 immun stone 집게손가락 Guitar flight 맞아떨어진다 Biology classic ##심이 ##용우 ##316 wj 가너 고깝 난놈 무생 본소 분급 사짜 양길 염파 정행 김경자 김병옥 김병용 김순옥 노에시 바시르 브렌드 알레그 우스키 윤용암 이타르 정글북 정재헌 쳐봐야 클래지 풋사과 필리포 허황옥 흥타령 가톨릭교 논한다는 물으니까 반세계화 암흑시대 dress 이타르타스 Brother Extension ##산골 ##쿠지 ##크네 ##ESA ##isy pv 경통 공액 떼인 사혼 수환 육과 장청 찰방 추간 페롤 포틴 황푸 효친 흉곽 ##그레이 ##토리스 HOU LUX Onc VIA 간호부 김규성 김장현 끌수록 누진율 늘어짐 동사장 목감기 무반동 미륵산 박용갑 속바지 안신애 이장석 이행도 정선아 최인혁 코마치 타미야 티비온 2628 5840 kang 가한다고 교육연대 라이오넬 마주쳐야 멱살잡이 생활한복 안티테제 일장춘몽 콘스탄스 digit 무너진다고 아르페지오 아베크롬비 클리토리스 ##endency 011160 마이클코어스 article Aluminum Reliance ##Bu 금유 노학 늘인 돕지 두우 미뉴 손미 지협 차금 티업 펙틴 허필 훈독 ##amer OFC 니만큼 로스코 리콜제 맥거핀 반곡동 밝혀도 비룡소 상사병 신정식 아일리 와이더 응답기 이끌림 최정민 카츠라 ##oodle 2226 2236 2306 2529 2828 역성혁명 팝핀현준 Stuart mmWave Context Superior ##명왕 격수 깐죽 불방 사차 성루 소렐 초마 츠리 퇴정 틔울 황복 ##ORKS Alp CIF JAS OSG 강민혁 구본호 굴러갔 그라마 다사읍 류우익 말려드 바라봄 박휘순 보천보 봄베이 비등기 수성장 아마르 연애관 우편국 조달환 차화연 최영필 페트르 행해져 회전각 6330 6720 7920 ZARA 반포대로 에브라임 찾아보기 ##개혁위원회 바이오닉스 Status dovish ##헬기 거반 난창 네미 네어 민산 번이 복신 북사 앞도 쳐낼 피함 한어 ##스토폴 ##유정난 ##채산제 ##rite CMT amb 가리안 강정석 관절강 근친혼 김명주 노재욱 뜨거우 망해요 박슬기 소쩍새 쌍용동 에큐메 윌리안 잇세이 전노민 전자계 절연성 정치망 크립트 ##나마이트 2457 3145 3803 6960 Demo idol poll 걸렸으나 계유정난 미메시스 율법주의 혜민스님 독립채산제 고리대금업자 리엔지니어링 Shinhan 검찰개혁위원회 ##모나 ##배로 ##우체 ##VIA 민해 발딱 빈공 샬롬 아취 양리 엄치 유폭 전충 좀놈 체바 추발 친생 팬지 현택 호민 ##사이즈 ##rael BAD ETL PBT PED msd ᅩᅩᅩ 고등동 고수입 구워삶 구원론 김교흥 김혜옥 남영우 덜레스 도모코 른킹덤 맛동산 메조소 무학산 밀고자 박준호 상속법 선택법 성모상 신동철 신본기 아비브 양기인 웨하스 이창무 자무카 제르맹 최진철 팔공산 편집진 항만법 2334 2675 Ober 간지러운 김수로왕 내발산동 디미트리 미친다면 배불뚝이 백사마을 집어삼켰 세바스토폴 Elpida 메조소프라노 decision secondary Opportunity ##가서 ##밤중 ##수배 ##슬혜 ##지는 공근 구거 국풍 날것 누디 대병 문량 본텍 성근 얼러 쿠엘 통모 한왕 협심 ##칩시다 ##ersh AKA GPR Tat 골병들 김장생 나와선 노래비 미케네 불리울 아랫니 예라이 임병용 조병돈 최남수 한증막 홍헌표 2528 2602 2657 3055 4932 6190 Bowl gist 맨스필드 아리스타 에도가와 웃어넘기 위트니스 황우슬혜 Blank prote wafer 노르웨이어 떨어진데다 ##ributed inside 다이나마이트 universe Steepening ##가일 ##신중 ##자근 ##포니 권말 날걸 닭죽 도론 만당 빌로 서왕 양역 오고 외르 을겨 제크 차현 추지 횡격 HWP RDT Wow ccm hip 김굉필 김규철 김용의 김혜미 노을빛 리니아 만보기 박정규 발원문 심미안 아서라 이점도 2607 4323 5910 6620 seal 마리아주 비틀어진 Crash iambh 스타인버그 하왕십리동 Mexico driving complete Psychology ##떡잎 ##ZER Sb io nn 권제 농요 드베 딩카 본주 악시 영왕 유개 전본 졸고 탄야 통칙 한윤 화한 ##7560 ##8290 ##EVER ##espa PDT POD 국화과 권리와 다구나 당직실 될라나 무보수 습니더 실습선 양홍석 오규석 올려둔 이성구 이탄희 주유가 지새웠 트라고 흙냄새 6280 7560 LTCM bone 가야르도 들어올까 자근자근 그레이브스 마르크시즘 Cities Democr Puerto hyeoks Imagine Contemporary ##계획 ##니즈 ##자미 ##쳐블 ##Tok 노젓 레식 마냐 면지 무곡 므리 반과 상편 안천 언와 업심 열인 엽문 윤옥 으셧 장칭 피체 혹해 COU dps tbc 겠으나 그래텍 김두영 대피선 떠받칠 미처리 부분군 수난사 쉬운가 신도수 이맛살 조립공 채인석 청산금 총검술 캬라멜 케하고 ##금융지주 4970 ACEA bigy 경건주의 고쿠시칸 명사십리 사그라질 언터쳐블 회색분자 oxide 걸리적거리 베니젤로스 스미소니언 planet Railway ##모이 ##캐드 ##포름 ##iae ##pir 거거 결리 남석 뉴이 당현 도준 뜰채 모장 빈차 엔들 잘탄 총보 콩국 ##2700 ##HTML Ian Nin Pak RTC TBH rib 가로우 길리안 둘러져 미터법 박하나 분석표 사에키 서유석 성요한 신민영 위생학 이고리 일산선 장전동 천영우 최정윤 치켜든 큰고니 포켓볼 황인성 0536 7030 Nine PMMA Peng vivo 그리고리 깡통계좌 도미니언 동양제과 스타일스 카가미네 크레센도 염화나트륨 Corona Olefin CONCERT bigyima ##대충 ##ISH 광미 김량 남반 노퍽 속알 여항 중명 채지 천옥 천족 흘수 CTP FTT hst 거느릴 고명진 고서점 깜짝쇼 따뜻이 모데나 모미지 밀무역 버리스 서삼석 손지창 오정희 이모님 정제품 정형돈 진관사 진동면 채송화 치아라 탈없이 흘러왔 ##복지센터 3232 6640 PBAT Rust 캐럴라인 ##Stream Grove instr Oliver Treaty Captain Contest ##데없 ##베크 ##야르 ##춘희 ##호른 ##hua 내만 목향 박향 뿌림 사여 선간 중방 쿨쿨 평거 푸린 ##anca GRT Kai Obl 경영권 김향기 네놈도 민머리 박운영 아사코 아이네 오리스 우제창 이지무 장신영 조민아 죽일까 키라리 탁구대 퇴적토 풍남문 ##immer 0392 2188 3007 6230 LGPL Ward 몰려나와 무너질까 성업공사 쇠꼬챙이 숨긴다고 워즈워스 자리다툼 중화항공 지식검색 화학합성 Grexit Supreme cyclical protocol Strategist Anniversary ##구단 ##부라 ##욜라 고죽 관법 년차 노애 노틀 담쌓 레키 명만 발미 부갑 시심 신점 웠다 이휴 창끝 철주 ADJ CRI Dae VBA dor 교환원 김남규 김윤주 네놈을 당해온 류경기 무뢰배 밍기적 백복인 백작령 부채액 싸고돌 양종인 용덕한 월요병 이경일 이정연 조주연 토레이 포보스 2638 2777 2945 3013 BRCA Glen 대명천지 어떨지는 인터셉트 일본서기 장돌뱅이 EDITION ##맵시 ##cue 교성 류기 맨드 모산 소광 쇼메 아중 안투 원남 장루 재돌 참군 춰서 ##전환기 ##4180 EHS LBL NED SUS 가능동 괜찬은 날리지 두카티 라마스 무서명 배슬기 복수초 소유인 스텔레 우범자 웬디스 진찰료 탔으며 항고장 2414 2564 2847 KOEM 개선장군 방울방울 삼각지대 오스트로 카랑카랑 선로전환기 프리마코프 ##astream 어려워집니다 Designer ##CR ##껄렁 ##루치 궁평 륜차 문당 미셰 민소 벤테 볼테 시즘 여잘 종두 지페 화태 ##꽁무니 ##루미늄 ##물떼새 Syl 공허감 굿거리 널어놓 맹상군 무력증 바이러 박주미 받쳐서 보유수 삽시간 장딴지 정현석 조재호 홍수기 0362 2519 9557 고른다면 낙지볶음 리플렉스 민방위대 오토캐드 우시지마 Cronbach relationship ##EY ##인생 ##CAR ##Ops 간벌 고딘 둔중 말해 매창 메텔 미문 박결 봉한 봐두 북섬 븅ᄉ 상택 인무 잖음 재모 접형 추아 허신 호역 홍찬 후평 ##광복군 ##함메르 ACO Rak TMR WMO 감춰야 격렬비 꺼져서 나스르 배낚시 백청강 석영철 손보기 스탤론 신창동 윌로우 이상목 이혜린 퀄러티 페미나 2409 2437 2455 2496 2701 5880 꾸물거리 다를까요 돌려세운 매끄러워 생명나무 아비가일 앨프리드 전몰군경 전한다는 태화강역 KOGAS david 들어왔으나 릴레함메르 만지작거렸 Continental ##La ##불화 ##이에 극체 금암 돈트 박고 북독 분시 소차 워메 재삼 추일 태중 후건 ##rise PBC las 꼬르륵 나직이 니다만 모래성 배지현 블루시 사양인 색전증 선원법 쓰리콤 용대리 우오현 유다인 윤영일 이호재 임원희 장수원 지정면 키홀더 포토제 헤타페 2251 2507 3048 Acer 금개구리 드라고요 EuroS appar 팀버레이크 Prevention ##긴스 ##하며 가티 개백 곡상 말꼬 미믹 불단 생간 씨수 우항 킹카 파절 패였 폐소 하든 휴마 ##메트릭 ##연애자 ##클래식 ##onto HBA Hyd IAM Xin seg 가극단 강동면 게이바 고형분 그리마 김자옥 까발렸 나인원 동창생 문막읍 박병엽 상실자 섬긴다 센터폴 신갈동 신기전 신사역 우수관 원희목 전등사 졌어도 초파일 프리맨 2316 5960 공개수배 메데이아 싸운다면 유키나가 내동댕이치 마우스피스 오로치마루 투키디데스 073240 ##레야 ##RDS Ya 노연 미늘 박귀 분침 상락 설켜 센가 어신 입말 조설 중압 최학 ##지원군 HIP VDE ᅳᄏᄏ 가일층 곽정환 김현민 레이철 무저항 방위각 빨개졌 소유스 에티엔 유성기 자바드 전도서 중리동 최수규 최철순 충수염 하승수 한준희 ##제국주의 ##티노이드 3036 3935 5027 대인지뢰 됐었으나 럼스펠드 마스터키 웅얼거리 자동차도 천재일우 한시바삐 Legal 나무아미타 돋보인다고 인민지원군 파라메트릭 wakeup ##검물 ##넘어 구과 깍이 끼린 나절 데토 도벽 란발 랑랑 로젤 빙설 삼방 클렘 탕치 폴록 하닌 하랑 ##ixin ##name DME Sau 가검물 군정청 김박사 박일경 발동기 벗겨라 사법위 샤프란 시간급 시작품 이갈이 이대진 이선근 지라르 쿤데라 패티김 한사군 황광희 ##istol hang 미개척지 사도스키 Franz 피라미드형 과학기술위성 뉴클레오시드 스미스소니언 Studios benefit related Advertising ##겨워 ##그루 ##류드 ##리퐁 ##시야 ##였다 ##톡신 ##oki 거원 광체 급서 능라 대촌 덜된 뜻뜻 라와 러선 마파 백창 속가 수야 얄타 옌안 제코 주나 쿠크 폴즈 혼낼 Nip 김대훈 김용섭 내소사 넷피아 대신동 바니스 박동진 양익준 연리지 이의방 임채민 임파선 찬성자 커닝햄 휘갈겨 0966 2606 Mold qual 가와구치 까까머리 남해대교 노비츠키 돌아다님 브레이드 외인구단 프렐류드 해군본부 Entry 동성연애자 물어봅니다 아일랜드어 조마조마한 Finger Lonely Introduction ##토나 ##합일 ##CAM ᄍᄎ 극인 범증 부란 상헌 생파 속령 송복 옵쇼 요년 쫑알 최린 폐목 화본 ##etes Kre RET loi sae 고마츠 금문교 기똥차 뉘우칠 박찬우 백인호 신용대 어물전 오타와 이선규 이창원 정예군 조르쥬 카시니 타카토 화냥년 ##르바예프 ##ingen ##olver ##ossom 2499 3411 6220 7020 SOAP 꼭두새벽 들어왔었 실데나필 오마이갓 전했으나 Chron ESCAP pharm 한국광복군 result 카로티노이드 트로츠키주의 ##FP 군조 꿀떡 뉘엿 덥혀 뜯길 레안 맡아 메쎄 멜레 봄빛 살내 선홍 쓰릴 연당 용체 이초 전변 헤렌 흠흠 ##피해자 ##acom 낚아챘 멀린다 모가미 밴티지 순천역 신봉수 아자디 예비대 완성작 유미르 임형주 정승인 정태춘 죠리퐁 한지훈 ##알루미늄 ##작전헬기 3175 4488 FLAC TPEG atom eBay 놓칠세라 빨아들일 Hilton 해상작전헬기 Benefit Lagging startup writing Absolute ##뇨스 ##창연 Yg 구디 구행 누트 도방 리친 모밀 문추 애욕 오환 외암 요역 차점 처결 코렛 타냈 ##타임즈 ##olle DCR ana 관형사 김재섭 노메달 리코사 마르텔 박성용 박재동 본부석 북아트 상스럽 상장군 소실점 운디네 이글벳 이재하 전략핵 정서진 좁다란 지성소 하기는 한동희 황현식 회귀선 흐루시 0350 2719 2815 3119 3135 궤변론자 마운틴뷰 모스버거 박학다식 아시모프 안전지대 햇병아리 Mitch 흐루시초프 Malays hyeoksooj ##강왕 ##멘탈 Wy 남소 두음 몽정 반재 병아 샤페 왜병 의론 자든 중농 키세 평무 학소 흉계 Mam 갠트리 공조직 구두약 기대승 김국영 김미소 김재식 떨쳐낼 리라곤 목말랐 사실심 설천면 손꼽혀 씨수말 요요마 장성동 적장자 전열기 전인화 정준희 조연현 체르니 헷갈린 화과자 2353 2398 2581 2978 ASCI 손톱깎이 신용조합 월급봉투 키노시타 해냅니다 곤두박질친 ##ococcus Banker 웨스트포인트 Phantom Different ##치는 ##dog ᄋ로 대순 슈주 시반 썸녀 커핑 환궁 ##로디언 NSP 건건이 돈뭉치 룩소르 미워한 봉다리 서정연 수련법 아스코 억새밭 유동식 유영석 조남철 조동성 줄리오 집게발 핵전략 호쿠토 뛰어다닐 보트피플 전갈자리 후박나무 Larry STEPI ebook 묘법연화경 Johnny Lovely island 아동복지센터 ##자토 ##uga 거서 광모 당개 당착 방소 얼결 체국 타천 태황 팔기 ##레시아 ##6240 ##card ##urer Sep 고치현 그러실 김석훈 김숙은 나나코 대구선 더워진 된대요 말재주 민영규 밝은색 빌리언 사미르 스타프 아직껏 이나미 전자음 정찬헌 중국해 카레라 카티아 케이온 트리아 ##간호협회 ##aring 2693 Meat Oliv PSAT 놓친다면 들추어내 마르첼로 새롬기술 세쿼이아 이종사촌 조합주의 카시와기 키운다면 탄화규소 Desert Police sector 대한간호협회 Academic ##교대 ##인형 ##치로 구트 라질 맙은 술폰 작지 청귤 핏불 화비 ##atis TBN 그라이 김시곤 다수확 대구탕 덧없이 동해면 박정하 배당안 수리아 싫어한 쑤셔박 오라이 이영탁 잡스런 청라동 최동규 ##isher 2336 2611 4101 Sany USDT thumb 반제국주의 ##FN ##계란 Fw ᅡᄂ 느부 띠우 부클 사특 서튼 서환 쉐론 울레 점해 츠노 탄전 틔웠 한찬 ##디바리 ##자이저 HLA IPI wfp 가로줄 기요틴 김소라 니켈광 단양읍 디미방 보광동 서광주 승강이 연설가 오산동 이선주 정몽익 주영준 휩쓸릴 2386 2728 8280 9180 MUFG 계십시오 대한무역 미스트랄 신오쿠보 중얼거림 지오지아 트리클로 Berry MeToo Reich 에너자이저 Brazil accept editor 스트라디바리 PowerPoint Positioning ##소수 iS 귀먹 꿈길 노섬 바서 엄주 엘큐 역강 월희 패여 하신 ##니트릴 ##bolt LPP MGA OPT Rif TAM Tib 강균성 궁정동 권력가 김광민 깨우칠 나물밥 득시글 마리너 맹추위 미래도 병치레 서전트 오현민 유정관 윤성효 최병철 추리닝 해왕성 향부자 허우대 ##이스토스 ##echat 2645 2886 2995 마가리타 밀려난다 스킨헤드 찾아다닐 흘려보냈 하나로통신 헤파이스토스 Atlantic ##수함 ##투입 ##후라 꼬신 령지 복재 본금 생살 엔바 운룡 윤임 입보 첨자 칸스 ##레나이 ##2160 ##case Kra ssh 감명깊 고엔카 과달라 근사치 남양동 냉각제 도덕관 말더듬 밴디트 아홉째 엎어졌 이대론 종이학 주막집 징수금 최경진 최하점 페더럴 2319 2585 2848 Erik done gent 개성상인 라크로스 명당자리 부서진다 시라토리 아미티지 위만조선 평화은행 97889 chief 과달라하라 들어선다고 Sharma COMPANY threshold ##살문 ##쇄신 ##이프 ##절요 ##제발 ##카낭 ##ECE ##Key 간기 귀임 덕포 렐레 무욕 비란 심준 어개 지욕 채동 표음 품수 현국 휘인 ##eger ##yson Tuc vts 고주몽 구제법 김태석 노라는 뇌격기 문학진 물망초 민영익 발생학 발표력 불개입 비껴간 살인귀 소금강 오오미 이시우 이혼남 전상욱 주장자 진행상 집어등 카사스 팔달산 현정택 화왕산 ##진보연대 3004 6770 toto ᄎᄏᄎᄏ 마라카낭 스가와라 왕징웨이 이치노세 클립보드 함흥냉면 형사재판 fixed 쌍둥이자리 흐트러뜨리 Affairs Hamilton ##내역 ##메카 ##야나 UZ 면주 무티 백봉 솔기 숄츠 씨리 역증 응게 일서 전건 중쇄 책판 ##세무서 ##씨식물 ##file 간다라 간헐천 강방천 교통지 노스롭 디센트 분열병 신북면 아벨라 위조사 전국서 팔라스 2302 2883 CAMP ELEC 고색창연 저린다고 해나간다 BREAK Email donts 페이스타임 ##bitrage should restocking ##서열 ##총감 결찰 금모 내암 노거 단치 라예 반티 벤담 본집 설단 왜정 우쓰 종환 퀴덜 항아 험해 형격 ##신중절 ##하하하 Hib LIS LSG VTV dos 가지산 골로새 김도영 김용일 널따란 노매드 느려져 덮친다 박성태 빠질까 상상봉 섰으며 승모근 오밤중 유종필 인공임 임준택 정종철 좁혀서 진흥책 창전동 츠토무 허명수 확대기 희극인 0163 2328 2459 6540 그립니다 대충대충 서대문역 아스파탐 천일고속 한국정보 Canal 그라디우스 라이프타임 키보디스트 161390 받아들입니다 인공임신중절 Downside ##qi ##게로 ##더만 ##덮밥 ##번째 ##NAM ##ebe 공미 느네 니타 라아 바당 변발 암장 오근 이취 초탄 BFC Liu 가문비 볼까봐 부르트 블루아 슈마커 안병옥 안상미 암갈색 우유병 유영진 유카탄 이무영 이진혁 이희상 일리치 찢겨져 카르바 해리어 7730 KIAF SRAM 강냉이죽 뒤쫓아가 문무대왕 술레이만 을지훈련 잘려나갔 Bound Lower 196170 further Baseball Priority 군간 귀자 근경 닫아 더즌 떠내 롤린 무추 본캐 식의 알탄 암몬 주촌 즈다 탕기 토티 ##orus ##pass MTC 강병현 다랭이 닭튀김 맥퍼슨 메갈로 모자를 박수경 박재근 서러웠 스쿠프 신문인 아람어 암흑가 온산읍 티아민 필기체 한울님 ##브리아기 ##bitda 2301 2508 2632 2837 8228 DSME SSBR 고교야구 다마네기 던져준다 사기도박 오스프리 청출어람 Bonds COLOR Jimmy 에어플레이 나자르바예프 register ##끄만 ##더러 ##만근 ##발표 ##OME ##iox ##rig LQ 각관 과년 광면 법하 삼룡 새꼬 셀마 옹이 인책 임백 입매 제승 처이 협도 훠이 ##라이니 ##hill ##olor CAL Dew EAA JNJ Nev TFC 그레서 기본금 김성오 들려야 모예스 물시계 욕해서 척후병 타기팅 팽만감 환자식 2452 2522 3334 7280 긍적적인 덮어씌워 뒤꽁무니 로물루스 면역원성 무장간첩 미즈메디 카레니나 할러데이 Depot would 신분증명서 001510 Changes Imaging ##놀타 ##미즈 ##벽지 ##우물 ##Mod ##bie ##roc vx 각출 겁난 귀무 김맹 꼬실 되씹 래브 보응 성표 승반 울펜 인복 점간 조출 중림 퉁소 ##마름병 QEI 기도서 기타고 도코로 모디노 미놀타 미소라 사드르 쌍촌동 에우로 오브스 이석호 잔물결 저녁상 정동욱 주상영 큰데요 해치운 3233 gdpr sans 내놨으나 돌린다면 뛰어나왔 래브라도 마칩니다 스톱워치 이시도르 이카로스 타카유키 ##Vision ##ulated Alert Moody 스프링보드 울펜슈타인 주어진다고 Barrio Hotels Freeport ##스컵 ##Map 균분 닙을 문효 방분 배겨 번득 복화 비첩 빼지 삼연 서아 수노 순데 신답 오국 우덕 자귀 장바 중촌 청봉 형씨 휘그 ##2040 ASI CJE RTL gsm sql 곽윤기 무카이 뱃고동 비나리 정일권 지자기 최성진 코사인 헤아린 화학전 ##ensen 0718 2272 2443 Cctv 건강체조 는다고요 니카이도 초성퀴즈 carry academ jyback follower Functional ##공장 ##라우 ##루드 ##리타 ##슈인 ##실버 ##쿄우 감부 겁낼 그깐 난황 뒤룩 민찬 약량 조애 진표 차운 참파 춘식 허욱 흑단 ##베리코 ##UARE KJB Loy Vik dac 강희석 개교회 경사부 구슬려 김자인 김정배 다수자 류혜영 명연기 박상호 배재정 사기장 으소서 이승진 이영식 이우진 장흥면 카르트 홍영만 ##야구협회 ##와이드웹 2392 2598 5780 DIGI 고마운지 나눈다고 늦춰진다 동작대교 에너지법 자리바꿈 ##ractive Porter 대한야구협회 월드와이드웹 ##비등 ##성왕 ##야식 ##존재 ##RAC Lf ᄁ도 건하 둔황 드얼 리닝 못자 부판 섀클 안견 어텀 운재 잡숫 전양 쥔다 청류 추암 허셜 ##eria ##ools ANI Rit Yun gsk 구천동 문상객 뭉가의 박용호 씀바귀 아시타 여민지 워싱톤 유천동 전기자 종살이 중국동 중화동 칼자국 키쿄우 티모르 티오프 하리리 홍은택 황숙주 2387 2935 3085 6560 DLNA 동호대교 라자스탄 미카엘라 에코랜드 이베리코 ##Things 꼼데가르송 스카치위스키 중국동방항공 Printing dontsigh universal ##MRI 국탕 꽁수 꽃눈 너댓 닦여 백당 불노 산태 색달 서규 아랄 위빙 통뼈 AGI Mul 광어회 그을려 기해서 긴다는 노동일 라티움 바르르 백부장 브라티 비례대 신기종 여승주 오이다 오자와 읍내리 재산법 정재은 처발라 풍암동 프라그 해우소 ##arity 2912 7370 Lean Vern para 살리에리 아비달마 카와사키 페르난두 17000 Sydney YUANTA 한국여성재단 direction ##들만 ##차크 ##kel 갈보 계대 광성 금설 됩니 바데 베송 생종 스데 애구 양간 우용 육덕 음문 잔부 축상 터럭 튀겼 향원 회력 ##부러져 ##uced AMT CGS MKZ PWC TRO 곤충학 공현주 그쳤었 길러라 김명연 내서읍 무열왕 벌거지 보급소 상도의 손세탁 술친구 슈테른 신계륜 앙트레 의처증 이바돔 이재유 최문선 최시형 칼리오 하오나 호빵맨 ##World ##idine 2731 Doll muse 그림일기 나레이터 센토사섬 아르주나 아탈란타 어그러지 한강대로 Write appro success Thompson inhibitor ##들도 ##수면 ##져라 ##출세 ##퍼프 ##NDO iw xy 깨이 루쿠 망운 믹시 방짜 성봉 왈도 잇키 쿵후 HSE NYC sar tet 강임준 개폐식 결성식 귀동냥 김세종 명사형 베이에 서둔동 오발탄 의무대 이광국 임의로 자연색 지켜져 포위전 하양읍 ##abled 2466 2888 CIMB 골란고원 끊어진다 박달나무 준대규모 크로퍼드 파워퍼프 화이트로 ##로피테쿠스 stars Playing EuroSTOXX 오스트랄로피테쿠스 ##Gu ##버블 ##세즈 ##입상 레겐 백단 뵈이 서넛 성후 슐러 외처 자계 전덕 토야 헌디 ##스워스 ##cott ##peed KNB bbs dil 갈매역 고종석 공장주 김원용 단구동 단성면 담즙산 만모한 말리크 박노식 부인사 블루원 송호근 시보리 에리크 이문덕 이상영 이유경 진주햄 트루아 페리뇽 ##onald 2183 9810 KUKA 다던데요 다치바나 멋모르고 보티첼리 초대형주 함정수사 헤이우드 Sarah civil 돌려보낸다 ##avorite ##ivalent 프로코피예프 ##누가 ##데로 ##몽글 ##인정 ##422 ##oko 갑소 농밀 단견 대후 동비 래두 류선 바탐 북안 석보 쉴더 암정 우랑 제성 짝지 태통 피천 하용 헤마 흑치 ##우체국 Dil OIC SSU cry 구자원 권오성 균사체 그레네 금은화 납세액 들어섬 렀음을 루이자 보급량 시모어 양저우 영구차 오이소 임일순 청천강 치상죄 칠천량 폐기종 프리크 학적부 황유식 ##antis 3215 6360 7580 7991 Horn send 가시방석 노량진동 몽글몽글 불태운다 뿌리내려 애드웨어 펠라이니 헤헤거리 휩싸인다 DAILY influ 그만둔다고 Harbor shared Minimum forever including ##르랭 ##칫밥 ##chn 가묘 곡교 권윤 김육 남교 니조 두국 매병 생령 성범 송의 염승 적모 춘궁 ##arta 구서동 김미애 김지나 눈칫밥 다이안 다이키 데어리 뒤바꾼 마카베 박광수 박종관 배정과 안준영 양호실 원세개 유성호 윤종빈 이자액 임정수 조산사 중간부 혼노지 ##uston 2462 4545 5720 CIGS Slot Trop 가쿠슈인 다이빙궈 성냥개비 스플리트 알레그리 이뤄지자 평강공주 환경연대 ##isting ##ortion 잃어버려서 찾아간다는 ##금융지주회사 동국여지승람 ##동의 ##삼경 ##작센 ##cus 개더 격어 경가 뇌심 물아 석벽 신염 아정 일물 제종 토청 폐망 필렛 후훗 ##시나무 ##하우젠 mgm 길들인 김병화 김지우 네그로 따개비 라벤나 마북동 박명규 백진성 뷰티플 성판악 시라요 신동미 이골드 이희철 잦아질 재생지 채굴량 청설모 클릭비 투스타 횡격막 0024 0671 DIMM GOLF Kwan 갖춘데다 난다면서 노랑머리 부지깽이 재야인사 콘체르토 탈지분유 ##icated retro 들어간다며 053800 Lincoln density 신한금융지주회사 Mechanism ##Fl ##등면 ##명기 ##rag ##rim ᄊᄋ ᅳ정 강생 공융 기워 닙시 담뿍 모보 범안 뾰로 어은 저민 째인 치받 키야 후고 ##File boa 김두겸 김양재 나경수 나아감 동문선 래프트 맹동면 베저스 블런트 아야제 아야토 아파지 외운다 이준협 전지원 조동근 최인규 토크빌 토후국 펠르랭 0093 0799 2477 Pand tone 내다보이 라돈치치 마십니다 읽혀진다 지워버릴 batch brown laser 챔피언스컵 035250 Lithium Decision Politics ##콜론 ya 걍이 격구 만네 망기 볼타 사어 업튼 엠즈 여어 조노 조색 진향 찔릴 투팍 혹스 ##데모스 ##마그네 ##산다고 ##3050 ##6040 TGA UPC UVO ckd 거담제 괜찮아 금창리 김경규 노유민 등갈비 박재정 봉래산 북간도 성선설 옆얼굴 유현수 이병욱 이승의 정진엽 최성훈 칸디다 키아누 파르메 패랭이 혼합주 ##더스카이 ##adoop ##ansas 2518 6930 CUBE Conn 막달레나 아라크네 으셨다는 Slide Squad Physics ##갈퀴 ##두인 ##인증 ##폭격 ᄁ네 곡마 김능 덤빈 류로 버만 불정 여급 일의 정업 종당 포환 ##세르크 CFE HEY PSL arf 개기름 김선교 김혜숙 노진환 로욜라 배상근 복원도 산머루 수라간 스테픈 신평면 옮겨올 작두콩 재정학 정찬용 지겨우 최선봉 평창읍 핀크스 황철환 ##enson 5740 그레이더 니더작센 데이드림 도왔으며 에이에스 자라난다 플라이투 Bring Flame Trial 배냇저고리 베르세르크 파파데모스 ##connect 005935 Newton mathbf Handset Trusted Appendix Robinson 플라이투더스카이 Guangdong ##iS ##opp 검속 격양 삼세 송백 약건 옹골 증직 휴간 ##사회당 BHA BRO 경기청 고사기 김상옥 김숙자 낭군님 눈축제 도허티 동북동 마르쿠 미레이 박세용 박예진 백리향 불어야 상환권 슬레이 신지로 양장본 유민영 윤대녕 장경호 재투입 저격병 조용만 쪼그만 초식남 케슬러 켜진다 티투스 0836 2568 3255 6490 Barn Jang 니트웨어 세미콜론 쫒아내야 캐번디시 케렌스키 포토제닉 ##ighbor 아르카디아 철천지원수 흘러들어온 싱크로나이즈드 electrode ##WB ##슈카 ##CCI 갑진 라영 레하 로역 마농 싸서 염과 요목 익공 적안 조티 지절 천축 파임 홍란 환곡 흰빛 ##메도프 ##mans 고슬링 김종익 김형철 돌림병 돌산읍 마찰열 미리엄 송기호 쑨다고 어떤데 여름옷 윤영달 음악대 카나리 특기병 평활근 호박죽 ##마그네슘 ##oking 2159 2479 그린우드 러시아식 명예혁명 미들랜드 우에무라 찾아와야 scope Dennis remote 네브래스카주 Reactor ##aii ##arf ##ofi 감역 남철 맥과 별과 이잉 철포 코먼 타대 푸릇 혜전 ##지리지 ##arts ##enos ##unte CNB ICH Wik 경리부 김규항 김승배 김용순 김윤서 민정부 백골단 벌갱이 삼동면 윤두수 이준행 임상의 입체파 전기영 전혜진 조안면 초감각 편해야 한달음 희망차 2439 2617 그런다면 더블클릭 조선은행 코린토스 호르스트 Ralph Acrobat college Acoustic institute ly 꽉차 디랙 라건 매취 백무 선묘 수꽃 술가 은섬 임내 중연 질박 코친 키키 해루 호작 enh mdl 고쿠라 기관원 대출원 만찬회 만트라 모리안 묻어난 백예린 베두인 사와다 술탄국 완충제 이관순 이나호 이덕일 테레즈 ##chaft ##idian RFCC biff pond 모드레드 밀수업자 사이온지 시마무라 영원불멸 하체비만 ##cedure Shoot YOUNG ##잔등 ##찌릿 ##Max ##pop lk 고쇼 공치 돈황 망측 못골 순호 시축 심왕 알반 염하 완안 의증 이약 장말 재예 훈격 ##acco ##imab BJP kcm pod rub tow 강세황 권오철 그레코 기계어 눈요기 모나크 무도관 물그릇 미가엘 바라밀 시어즈 영남루 유도훈 이성환 이인희 임동규 전업사 정광훈 좁혀야 헛갈리 4930 lite 꽈리고추 바르바로 비등비등 에드먼턴 요시마사 크루이프 킹사이즈 항공관제 ##ourmet Built cents ##pective course Charlie ##공룡 ##끼오 ##직경 ##하자 ##EMS ##bec 벌침 심광 에쿠 저째 조욱 촌보 촌티 추시 카멘 켄고 풍전 회명 ##슐리외 ##sons DON HAL PMA RAF RDF SHU Sov ksc 공기층 권영미 급해진 까만색 떨어내 레이든 물러갈 발신기 뺀다는 세도가 수퍼맨 알제이 오펜스 유보트 유자광 입혀진 조사비 캐리백 코스프 탄다면 2282 3212 8646 대잠수함 돌로레스 리슐리외 어두워질 찌릿찌릿 폴리부텐 NSAID RFPCB 들어왔으니 아름다워요 위트레흐트 Basket gorgon ##BH ##소다 난각 듀발 루샤 석출 여질 열패 왕원 우김 정총 천모 칠한 캡터 타네 해민 호학 CQI LSC wet 김정옥 다기에 더운물 동명왕 배재현 벨포트 보조석 비켜갔 셀리아 쉬웠을 신선호 안티몬 연습곡 위성우 유형원 이석재 지방사 치요다 타지크 프리어 핫소스 흘려듣 2634 구강성교 그라시아 시노하라 움직여왔 인게이지 커피포트 포르투나 한계효용 해졌으니 champ wheel ##actions 004940 Vestas attack Russian Listening Negatives ##결석 ##이저 ##ahi 기투 누치 덕동 독무 란장 로빙 배미 봉달 부남 성위 쉑기 아쇼 어에 월파 주바 집병 환속 희천 BLT Ink Kab 건너뛸 경대수 교직자 구라라 기댓값 김경율 나으니 넘겨짚 대본영 도미타 시직경 유남석 유의어 이광준 이백만 임성호 포장비 한준호 혼란상 2453 2566 3291 5730 5970 NMPA 따로국밥 롱스커트 모의재판 야마노테 기다렸으나 쇼크웨이브 아모르파티 Suites Recycle Principles ##낙원 ##파장 ##헤딘 과용 기론 담음 더반 델마 부쉐 샤킬 세집 앙신 업제 전바 최군 풀빛 프립 허봉 ##리아키 ##othe Gay MTR TSC era pjw 강동우 교구청 그래선 끄덕인 뒤틀렸 북가좌 서진우 수구파 스데반 쌀보리 암남동 영속성 오륜기 자주권 장기려 제이콤 지존파 쿠사마 티렉스 팅커벨 풀살롱 ##로니트릴 0168 2358 2869 3705 Cher 날아오른 때렸으면 미륵보살 민주조선 볼썽사납 야심만만 ##hedral Pound 광다이오드 못했으므로 Maximum Walking Spectrum ##병과 ##사뿐 ##한테 ##ECA ##bel ##cap ᅳ신 날쌔 둥치 딩시 라킨 른의 만천 미등 비너 뿌러 생회 쌍놈 안공 올핸 원처 원측 웬걸 일분 임청 창곡 코울 함열 흙집 ##quet Kod 걸린지 김봉영 데모대 매튜스 박성균 박연주 방울뱀 벌러지 서정우 소주방 역촌동 오나미 이현철 표준궤 홍등가 흰쌀밥 2189 2596 3146 3413 6210 Leop 도덕주의 사와무라 시아버님 영리활동 프랑스어권 ##ilience branch collab 가까우면서도 against Ericsson revolution ##양회 ##조노 Tk ᅳ니 강옥 게브 나클 닛칸 류강 모꼴 몽케 민만 산집 애트 억중 욜라 천창 추선 프람 혜량 Fir LCB OMA tol ᅮᅳᅮ 구본상 김재희 김창종 나뒹구 노나카 쓰쿠바 이종국 이중규 임사홍 잠망경 접착성 춥니다 트인다 ##estro ##owski 0069 2652 2745 8520 생리학자 이상기류 치운다고 피장파장 Mills floor making 바이브레이션 Destiny SAMSUNG ##jr ##렌셜 ##왕검 ##호소 ##RAN ek hc vf 개형 교접 넥타 노당 디뎌 베제 북용 사취 설태 숭문 씹는 안반 양과 역화 웃자 의함 집구 창주 할고 항수 허걱 형개 ##amax ##ulum DTP FMK lac lou 간지럼 강진읍 경계병 김종률 보고르 보장왕 서계동 성현아 수오미 슈바인 쌓여야 여환섭 연무장 영주댐 오크스 이상해 주사보 주워온 지명수 쳤으며 치우칠 카나미 텔레스 화원읍 ##유리공업 2182 2291 2394 2872 3131 6040 7740 golf 날라간다 단군왕검 던졌으나 디퍼렌셜 미닫이문 스콜세지 이엔에스 쫒아가서 찢어져서 ##ifying swing 니켈로디언 세바스티앙 올라옵니다 한국유리공업 Landing Distance ##ifferential ##마오 ##집회 ##ego 감인 검독 달식 당중 댕강 리빈 리투 백파 소예 소폰 암상 운교 음보 임고 절해 테퍼 폭싹 학통 해옴 ##글라트 ##kong ##rand SLI ben 가메이 고태용 김혜원 날계란 단모음 민영기 브랜던 사셔야 살라흐 수택동 아이니 유동주 이동엽 이런가 정성민 치파오 통닭집 ##otten QOOK Trib pros 가속도계 벼슬자리 사뿐사뿐 엔하위키 엘로이즈 평화관광 ##글라트바흐 드럼매니아 마법천자문 ##ificant 091700 Principle ##고슬 ##통보 ##CAN ##obo ##sor ##ᄀᄏᄏ ᄑᄒ 나건 데샹 량당 맞보 멕여 몰취 쓸리 해매 화아 황고 ##orum 기한다 낮춰진 다더군 다이시 더럽혔 말려든 무식자 민상기 박현숙 방하남 보로스 비크람 소공녀 손실률 어머닌 외계어 윤성열 이차원 임현식 친북성 탈곡기 투과도 ##ially 2322 6006 6019 Luck Radi 키친타월 파트리스 프랑세즈 fotog hands 전주비빔밥 ##헨글라트바흐 Inform Parker 워크스페이스 Herbert Miracle ##forcement treatment ##고통 ##한데 ##acs ##ept ##idd ##ueb Yi 결한 맨더 사략 샐러 알락 취타 태열 팔복 헛돌 각운동 감은사 군내면 김연주 김은호 꿈나무 는가고 복받쳐 빌라드 이재곤 적치장 최용민 카드리 ##양회공업 ##keley 2374 7070 8820 EDGE radi tong 가와바타 리버모어 맥마스터 모읍니다 브라이슨 샐러맨더 선화공주 송두리째 스킨로션 에버라인 이마무라 정삼각형 황해남도 Trick 세발자전거 테크노크라 005300 나무아미타불 러브크래프트 쌍용양회공업 ##디니 ##123 ##edi 넷츠 둘린 발고 안물 찬의 후왕 Gan KDX QVC RDB ems pce png 감시선 기산점 꺼리낌 나빠지 남일면 내방역 뉴베리 대한육 도현수 드높일 들이치 라르스 멀미약 문용식 박은지 사탕무 삽자루 스키퍼 신동우 아름동 아침잠 앞세울 염혜란 오대호 요코타 유언자 이날치 이면지 이상복 이으면 이은지 이준원 임영희 전곡리 절대치 조작자 창유리 카라코 타카야 택할지 프로핏 하나회 meta sfts 고카이저 대웅보전 독일제국 버시바우 세워져야 염기서열 우국충정 원종공신 허튼소리 북마리아나 ##ventional ##즈윅 Ej 경준 계농 길어 바쉬 방창 복벽 산량 생추 선신 실만 이암 정궁 쥐덫 짭쪼 체설 쵸파 해청 ##비데오 BTK DDC 가해도 강화석 견뎌온 고성국 내쫓기 도원동 망우역 모네타 모직물 민일영 발신지 보니파 송명근 승자승 안판석 우리스 운행량 전원주 정류기 주물렀 창작가 추천장 홍성읍 화순읍 ##ilead 0138 0664 2514 2736 7760 ROEt 아라가야 저질러온 천주교도 프리웨이 몬테비데오 한가운데서 UNIQLO Edwards Mozilla ##abl 갈족 기창 도차 물면 밀명 상탭 서배 쓰노 올렉 좌구 지등 탕구 통후 포투 필욘 BMX DOG hat wee 강승현 골라잡 군자역 규범화 그래이 김희겸 루덴스 마후라 모았었 민주국 브루마 사보텐 서거정 서용구 선운산 안충영 유진우 윤두현 이정숙 정지상 정할지 충전제 홍석조 홍지인 ##agger 0822 2432 3824 8680 HEAT chin mesh 기뻐해야 블루스택 상탭니다 그레이브즈 ##푼이 꽃핀 레커 매포 민고 바렐 반편 빌렛 산테 색면 아강 유녀 제랄 포를 하귀 호복 활석 효중 ##나마라 ##들빼기 ##치먼트 ##imax BCH CCG Cir 강동호 귀납법 김재익 김평호 김형선 단계동 맞바꿀 물안경 박용욱 방위병 뱃노래 브루너 서정동 소포체 송악읍 스피처 신정락 신포동 씌워져 알라위 엘칸토 오지영 와버렸 이대우 처용무 철가면 최상규 카스타 코감기 코위버 토인비 피더슨 피스크 할마시 ##린부르크 2481 3313 8160 bean meth 구연동화 남춘천역 메리케이 잘라야지 페르시안 ##ainless 008560 ##데블 ##001 nu 격음 독야 레딕 백목 석림 순다 스칠 아랏 악해 장행 춘운 타칸 타흐 EIP Unl tCO 가정보 국한문 김길수 박성일 송영선 유리왕 이용선 자동사 트로터 2347 5620 Rech 망해버렸 무자헤딘 037620 예카테린부르크 fotogyoo ##고름 ##비체 ##쓰네 ##홀트 갈급 계전 깅이 모딜 문근 문한 반별 병천 봉두 쌍동 와파 윌러 절래 질레 칙사 칼초 활판 ##감호소 ##항공기 ##lier kiw 고문실 공정택 김낙회 김예원 나트랑 리놀레 명분론 바깥일 바라문 박은태 박진환 보타이 블랑코 스투디 스트랭 신성환 아마네 양공주 이남기 잡아간 저메인 점술가 키몬다 혼합액 2656 2916 3362 Into Tone Zeit snap 끝났으나 라이코넨 모르모트 몰아붙일 바친다는 써내려갔 전자기학 CapEx Fluid 모딜리아니 지켜야한다 Dining Inquir images Gradient ##Un ##까닥 ##복용 ##장역 ##Pad jl wl ᅳ김 검댕 격류 결일 볼란 순주 윤설 인나 점내 조란 초발 추명 BNB PAT 구본길 기립성 김형호 놨잖아 박상인 발포제 빌미삼 상량문 수플레 엽록체 이경진 절제미 정인화 조수용 질리안 키로프 해치워 3515 Beth Teen 동성동본 레오나드 미선나무 민속학자 반가워서 아키즈키 연전연승 축산농협 쿠로사와 치료감호소 017800 Apollo Sister interp 브라티슬라바 Renault Consortium ##LOG ᅳ전 각혈 꿰맨 르피 리쳐 못됨 병식 상풍 씨래 오익 전탑 초개 츄츄 테보 토낀 특교 ##ixby SKK sdr 김승욱 김찬경 담가서 라카인 레반테 미야타 미적미 색채감 세례식 아베라 유회원 자전축 전상용 주홍색 칼싸움 ##cular 2193 2684 2764 2812 3076 3435 7790 been giga 넘긴다고 넘친다고 벌어졌었 심플렉스 아르투로 페트로프 디오게네스 어태치먼트 카보베르데 퀸즐랜드주 Objective ##닥닥 ##예멘 ##페논 ##BOR ##lia 거죽 뇌정 법의 블렉 왕봉 저냥 제우 졸기 집주 찬연 추단 출상 토제 해연 행낭 ##밋거리 Byr TAP UGC 김지섭 내무성 라미네 라포르 리베카 림프관 반송파 서성환 서울말 속삭여 스파다 실바니 심근염 엠브라 옛사랑 원수사 응집제 전범자 프리온 ##orate 2673 3072 3265 tick vcnc 슈퍼비전 오스마르 준다더니 crazy 엠브라에르 차라투스트라 Hollywood computing ##만지 ##URN vn 공준 귀했 나쵸 도실 도향 돌개 만아 매선 서변 설한 시핑 임스 조토 중치 ##다이허 ##비아니 FTZ KIF nih 가공물 계란판 기계수 김규현 김성대 두류역 르베이 무릅쓴 박동기 백치미 분배율 불변성 붙여도 삼덕동 서장원 서형석 이영아 이한나 진교영 퀵실버 키리노 프레피 현실론 3306 3526 7780 Dean Fake Hear Myth VLOC 시흥대로 이자나미 취득시효 카르발라 클레이턴 Novel 따라간다는 베이다이허 Expect popular Companies ##엔지 ##죄죄 ##초상 ##bur 가렌 개분 고갤 곡주 난후 덴지 리승 ##탕카멘 ##esto ##issa GRP 걸려드 꾀죄죄 농담삼 멜라트 버렸다 부어라 샤프심 시크교 식스틴 오봉산 원주율 이성만 이행지 정주리 카즈로 타이론 헬렐레 황화물 7190 8320 sent 가까워짐 국방일보 반가워요 흐른다고 Appro ICICI PRIDE STYLE 떨어져나간 002380 Variable SmartThings ##대는 ##요르 ᅳ나 개언 고판 다색 리병 맥동 명공 볶이 생하 역심 역저 유곡 율포 정루 쭈우 천청 춘당 향이 화극 휘종 ##무스메 ##비둘기 ##어가죽 ##타이주 ##태평화 Cul ide 국대호 김무영 김예은 내세움 대동문 도약대 리에주 목동역 밭떼기 베어러 서미트 양전하 어선지 에토스 정기준 주니엘 차영진 창성동 천연석 타바코 하춘화 허은철 2243 3035 3223 8634 8860 AFPK JAJU 나무줄기 나무판자 아미노기 아태평화 이노센트 투탕카멘 Billy theme 마오타이주 Scheme CONNECT Effects ##tm ##도요 ##송리 ##오지 ##DER ##eye 각반 민복 배로 범정 빈객 샤쿠 암면 장함 챈스 헌공 홈통 ##덴버그 ##zung SLO WMS gcc ssm 강금원 경교장 김승태 김충환 끌려와 바칼로 배전선 베르제 삼부작 성주신 신교육 실패담 얼굴선 엘바라 이상길 이철환 잘라낼 피워야 헐거워 화천읍 ##ually 2487 3031 6670 7840 dial 거듭제곱 레드우드 악어가죽 인터렉션 정보센터 내세웠으나 엘바라데이 ##illment Slurry 모닝구무스메 Masters detection ##Cr ##벼룩 ##카리 ##키엘 금공 금력 리펑 뻐팅 손무 수더 아릿 장무 종패 찐한 총가 탈각 태소 토원 학하 ##가지붕 ##에스더 ##anke CHE GFF Pab RON gra uns 김한기 다듬이 도시숲 밑져야 박재순 박태규 백모래 엘리샤 우겨도 유성훈 이오타 이은성 정승화 조현문 포트먼 한국말 혁명사 2558 Jong RBSI bomb paul 뒤집어써 맥나마라 잠복근무 정당행위 중성자별 초가지붕 필기도구 바칼로레아 아이템베이 페어차일드 ##itivity 016380 Period origin Raymond Purchase division 대한무역진흥공사 protection ##RB ##뇌브 ##오토 ##저블 ##탈트 ##obs yu 검호 교교 권택 데울 두에 마직 소백 송만 스너 승한 아피 어흥 우관 조른 탐식 토판 팔정 홍복 ##브니크 ##호랑이 GBD dur 고고고 교통로 구충곤 김주호 김혜연 남배우 마해영 망년회 버제스 본존불 봉동읍 북돋웠 산리오 서창석 아타나 앳킨슨 요사채 요시야 이경상 이동헌 조롱박 주천면 최성수 최윤석 5690 6740 CJLP CSSC 게슈탈트 그르노블 소비대차 시트르산 오얏나무 키노피오 Mario Norton ##ancement naphtha Overseas Lightning Programme receiving ##177 ##agg 공촌 두충 둥굴 리족 모데 분안 영로 일송 장왕 퍼렐 황마 IBA IDG SAV mcn 금지선 떠받친 리보솜 마흐디 미야지 사세보 신수동 실어다 애써왔 옥련동 웅변가 의학서 입장표 장삿속 조용현 조원선 청량제 초지동 카르복 카타콤 칸델라 펠로십 허남권 현상계 ##떡잎식물 ##erton 2758 5810 6130 7130 8040 8380 9082 NaCl Navy Rous Tall myjt 보낸다며 비토리아 올리고머 Coach 골드스미스 Monday agency please agonist ##따개 ##빌둥 ##후면 ##sea YT 거민 돈암 빈신 색욕 송국 월암 이죄 중만 통의 특과 포먼 협장 ##TTLE Bun PTE TBD mun 가가린 그라나 대는데 모터카 미더운 민무늬 박경희 박용수 서승원 세리나 속껍질 아우스 용답동 우마르 유경근 유키카 이진규 장안문 정무관 정선민 지창훈 쳐다니 혈색소 형광등 ##가시나무 ##사회주의 0141 2488 3062 4285 Perl kick 단전호흡 더라니까 부조종사 선보여야 스트라드 INFIN 아우스빌둥 Entity Jessica radical Survival ##만원 ##태후 경환 고슬 공찬 박운 반나 소업 소율 에츠 입해 장완 침법 카빌 키틴 킨지 펴낼 ##주주권 ##컴퍼니 ##파로프 ##show CVE Jup kth mmr 계실지 노광기 다태아 달성도 대론데 바리에 박상오 발광체 비어스 상납금 서영우 송림동 수유리 안효섭 요한나 증손녀 최승준 최준선 페라라 피를로 0425 2239 3855 5511 6460 고슬고슬 곱창전골 끄덕거리 대추야자 던진다고 모은다고 벗어던진 살아와서 스쿠알렌 연합고사 인비저블 진다거나 토도로키 Corps Poker solar 생겨났으며 소수주주권 에뮬레이션 Canvas 네스토리우스 Guadalupe ##사바 ##소현 ##은미 ##ORM ##hop 공체 궁남 누정 늘그 당저 떠요 문강 베똥 송형 십진 예라 유혁 쥬드 캉테 캐트 키쿠 통판 함일 황체 ##천연색 ##data JBP QSS fer 견지동 고주원 김상규 김용운 당항포 돌려줘 된다네 바빠진 박기혁 베일러 부북면 샌들러 성경대 세척액 솟아난 시답잖 실내등 써야죠 운정동 유진산 이광범 이여송 재송동 재추대 정현식 주동민 지모도 클로르 2746 2747 2813 2902 2983 4424 Pine 끄집어낸 쓰러져도 중간발표 총천연색 핀란드인 훌쩍거리 Creat sylim 가리킨다고 그리워한다 폴리펩타이드 Chicken Technip ##뉘엿 ##옥사 ##찰랑 뭉그 봄내 부복 사베 설키 아넬 약상 칠서 해갑 혼고 ##몽둥이 ##민주의 ##aget SGD Vod ach pse vel 글재주 김상률 김세용 김은령 는다던 다보탑 랩터스 배종찬 버밍햄 복잡화 분열기 송구영 신유학 에식스 우유니 윽박질 조현재 통일벼 호크니 ##ombie 0846 2979 3412 3616 4066 Hend KGMP Tear djsi 교통공단 뉘엿뉘엿 더러워질 밝혀둔다 우편배달 찰랑찰랑 함입니다 ##through 005830 Cotton Gender scient ##르주 ##배엽 ##조부 ##jug 감류 괴체 먹보 미립 보설 샤마 음병 정편 핏속 합반 ##TIME LCT bic 눈뜨고 닭똥집 당산제 두브로 말리키 머리글 민규동 박동희 박승철 반다르 배상철 새꼬막 알레스 올려치 원정호 이희수 잡수셨 지철호 코메론 파스너 흘려들 ##표현주의 2283 2648 2838 4786 BSTI COEt 가양대교 로렐라이 마셨으면 망나니짓 안쓰러울 어림짐작 창던지기 청사초롱 Coral Dirty Nikko PHONE Quint infin 모자란다는 벤토나이트 두브로브니크 mapping Outbound ##김해 ##add 구항 동틀 말간 보손 수린 어분 원개 월담 응응 져왔 취로 치보 험버 ##가리개 ODF PTI ZIC lgu 군대면 그물코 금토동 기웃대 김태규 덕천동 매겨서 반전시 방지기 빨개진 쏜다는 연년생 이강미 이사관 이성욱 이숭용 이열음 이영도 인쇄비 일관성 정교화 조성우 조현옥 플롭스 ##경기조사 0359 2615 과다복용 에니그마 일어난지 풀어헤치 insert 기업경기조사 gallery Steering Sullivan Supplier Sovereign Employment ##변명 ##eds 보민 비렁 신근 신택 양변 여온 옥주 유락 전혁 증비 촛농 호파 ##itus PPE RAT sys 미스라 박서원 벽창호 변사자 북부동 비존재 서낭당 서이숙 소방기 아스라 연합보 예비자 이용태 이차돈 이태용 재봉사 정의란 창작집 콧잔등 큰코다 함유율 ##atial ##posed 4112 6630 GABA Sans Stre TALK expo 다종다양 산간벽지 세계주의 지신밟기 코사무이 쿠르스크 Cheng 베타테스터 어떠신지요 Saving ##atherine Tracker foreign Calendar operating ##HL ##북리 ##실실 ##웰브 ##접시 ##주망 ##CCH ##pur 고불 곽성 농암 다금 뒷굽 로레 록비 무골 보란 세준 속선 쇼기 토개 폴크 해논 현화 훈화 ##헤르츠 AMX BAL Nod als 개목사 공성진 김윤동 김재균 다뤄온 대청동 라이자 맥줏집 미하라 미하이 보문사 스낵바 오재영 우금치 우사미 우산국 응봉산 이정내 정부미 조각나 조순형 좌익선 피카르 호색한 ##타르코스 ##iters 2643 6920 가로놓여 다금바리 롬바르디 마드라스 문드러졌 어우러짐 ##letter logic 아니한다는 Amazing Drilling Virginia Properties ##모치 ##앰프 ##전체 계왕 광평 구랑 내뻗 들마 디하 숭앙 슥슥 쌀독 어모 임건 전간 정흥 창욱 초두 풍긴 ##그리트 ##스케치 ##arte ##isan BTI KCP PGM apk 김문식 김효범 끈다고 내것이 늘그막 달가운 대초원 러서도 명령문 보관비 보장급 사랑가 윤복희 이낙선 이준경 장영준 전세권 접근로 추워졌 커져갔 키워진 프레리 호세이 ##essor ##hydro ##inery ##ocent ##spect 2601 8230 8560 MALL SMAP 게임패드 넘어갈까 블랙데이 외인부대 피한다는 ##rehensive ##Ga ##공제 ##선재 ##원인 가셈 광은 단암 들안 떡먹 로멘 버츠 보추 수룡 엘기 연조 오위 용후 지넷 토쿠 티레 ##1320 ##BRID ##inos DSF ihq 김용성 라비다 루아얄 마호니 미나코 배영식 벅찬데 베른트 세스크 손진영 신현필 유독물 이호선 최자혜 취지문 카타니 탈석유 회유책 2367 2549 3018 3245 4774 9620 Educ LKAS cdma 뉴트리아 더러워졌 도시미쓰 러더퍼드 무너질지 신선놀음 아그레망 준답시고 whole 여행스케치 ##르함 ##시들 ##풍파 rk 낭장 똥치 목강 무차 묵음 물차 비역 삭풍 세굴 수죄 여황 이졸 장헌 정혼 증재 지묘 트릿 파슈 퓨터 한골 해위 향의 ##구덩이 ##라아제 ##민연대 ##카콜라 ##피스트 ##bone Lem msc 간석지 계리사 고트족 김경은 루키아 리마크 마이셀 마치현 모르간 민현주 박형룡 부반응 소송물 신곡동 양수리 염재호 이메이 이봉수 일깨울 최백호 카롤린 칼리보 트웰브 프로퍼 협성회 홍종현 희생타 2756 3049 6090 6260 Casa EMBA SGLT 나이틀리 지껄여도 파크웨이 프록시마 ##amping 구덕운동장 ##겠네 ##말똥 qd 검심 단꿈 밀너 방글 슈토 엉치 에엑 유혜 잡가 조돈 쥴리 증속 차홍 창왕 팅팅 편사 홍업 ##무도회 ##CORE BPR DPN 건져서 광고란 김갑환 박성원 시노다 신경절 유경선 이광기 이미향 이영환 장길산 정영석 조경목 찢겨진 천은사 플러드 하종선 할아범 ##ingle 6390 CORP 계셨으면 노랫가락 멜랑콜리 물들인다 배웠으니 살아갈지 스키야키 양도담보 ##parent Leica USCIS 가져간다고 Campbell ##꿈틀 ##아즈 ##우정 ##츠레 ##ben ##biz 거보 경급 기뉴 대극 더하 로란 의계 제봉 족친 철령 축삭 통경 통대 ##클랜드 ##zyme hex ker 구정모 구화장 그루먼 김주수 김홍재 노름판 델피노 동진강 드니스 라오우 매사냥 바둑돌 발루치 배치기 빠져요 삼륜차 쓸라고 유영혁 유영호 이종기 이주용 장우진 정주현 줄기찬 케이오 한국화 향로봉 ##izens 2577 3102 3116 3577 RISC Send Shap hawk 가라앉혔 기념품점 나카타니 내저으며 라그랑주 베니테스 브라흐마 빠졌으니 신답니다 이드리스 지오바니 코스트너 Chand SELECT Innovative ##gt ##백보 ##재간 ##NGO ##iso 경경 문등 밤방 법세 베닝 쇼호 쑥떡 역방 용질 원차 저모 저배 조춘 종상 주두 최헌 페랑 ##보백보 ##bian kat 당연시 디피티 박재철 봉산동 사다함 새신랑 송지연 신단다 신학문 아사자 엘엔지 유사성 윤영준 의친왕 임환수 준다냐 타이요 통지표 평균인 한약사 허정숙 2366 2423 2692 2729 2819 Ener JAMA Univ 보스턴백 앞장세워 허허실실 ICANN ##ulating 088350 Marina Socket jjeong Allocation ##oC ##청색 ##화이 ##RES Ss 공현 꺾임 독송 돌길 되쳐 류훈 르페 발류 사결 쇼리 씨요 씨우 안셀 알짱 유규 입심 작의 친견 쿠거 ##마이신 JEC KGP MDD Seo 강천산 고한승 김기용 김한근 당겨야 문성일 배어들 비단길 사이징 송월동 송충이 수제품 여지도 으련다 인용구 임미현 전준호 쫌팽이 창곡동 카루소 펜타닐 포항항 허일영 후루야 ##코카콜라 0369 2426 2903 3081 6890 7155 9360 They UDCA terr ywca 게임큐브 꿈틀꿈틀 다니엘서 데어데블 망가져도 자재관리 청담대교 칭화대학 칼뱅주의 Recon 서치라이트 저질렀으니 코이노니아 000640 AMCHAM Georgia parameter ##머우 ##뽀롱 ##성귀 ##세토 걸아 너이 네피 봇넷 삭과 생츄 서실 씨비 염마 오악 운요 윤해 참주 큰다 Dod amc 고용보 광고문 국가승 남민우 넓혀줄 닙니꽈 무마용 박사인 박성규 설계대 오전동 올라요 이순선 챙겨볼 최고신 최승우 코다마 토목학 투쟁심 팀파니 횡성읍 2682 3216 Wool 브라이드 뽀롱뽀롱 생츄어리 안녕질서 앙가주망 자유연애 찾아올지 통일대교 Santo 마다가스카 오십보백보 Autumn 한국코카콜라 ##istration Commander ##Di ##바트 ##oba ᅦ기 강녕 고게 광암 구오 단천 똥깨 만셀 바킨 원강 타토 푸티 호류 SSO WMA 구성지 급유선 늦어짐 닫아걸 도농동 반장식 배수연 분광학 빠질지 신호선 아티아 어데로 오진원 옷고름 용해로 전용준 정환기 줄초상 펠리컨 흘려도 ##ainty 2542 2665 3067 dior 마르티노 머문다면 보조기관 타바스코 Shake nucle Billion Freight 19201080 insurance Categories ##HF ##누설 ##소곤 ##화탕 ##uin ##uph 갈긴 감잎 근왕 기트 남세 짜샤 천형 침선 터분 펴져 학주 합가 ##후아나 ##Zone ##ably ##outh TKR 가리산 김승기 김인석 김해관 깜박임 디르함 맥코넬 미야마 방수제 뼛가루 소방국 순열사 스코비 엄나무 외조카 요금표 운남성 이재인 전교회 정동화 정재일 진사시 통근자 후두둑 0605 2431 7120 8020 Chal ᄐᄏᄏᄏ 끄덕인다 농외소득 르페브르 버틴다고 부딪친다 앞섭니다 자체발광 질척거리 치른다고 ##aneous ##phthal EIAMS Fully angle miRNA 마르그리트 지켜준다는 animal Foxconn acekang Augmented instagram integration ##자세 ##투르 yb 나강 브베 비내 수합 시렁 영불 요딴 차군 타야 특능 하화 혈도 ##하이트 ##emia ##fare Jub SGH npl 꺾어지 나성동 내후성 두배로 멀거니 민족지 백선기 비만증 상변화 숨가쁘 안사람 에리얼 영화광 윤경은 이연걸 임종윤 정성희 조재윤 준사관 즐거이 짤라내 춘의동 카우스 푸성귀 해마루 ##슈타이거 0746 2329 2524 3069 3172 3535 6840 MAKE elev 불태워야 전세살이 진성여왕 폴스미스 허물어질 Georg Molec aging 나온다는데 미스미스터 슈바인슈타이거 Chemicals Shareholder ##체프 ##400 ##esk ᄋᄒ 꽃필 도승 래즈 삼간 수론 얽혔 우순 워윅 캐너 킨타 타빈 티투 페친 헤론 EBI NTP 감찰위 기술전 꺼져야 는기라 라비에 모리아 서봉수 아티바 엄청남 오윤희 오푸스 이시노 재결정 조동화 한동민 혁거세 황유미 2497 2531 2785 3039 5390 CBRC 괴로워서 도덕관념 들을려고 바티스트 불러모은 티후아나 35000 ASCII Krist Orion djbae 마이클잭슨 Gabriel Goodbye ##VF ##무레 ##인자 ##EAD ᄋ시 ᅳ더 개먹 뉴펀 라센 백묘 염통 중률 타하 폴나 홍학 ##프리터 ##2020 ##uder HHI lie 감아차 경옥고 권태감 때밀이 마미야 박동선 부개동 부도내 수다떨 슐레스 안재모 이기정 접촉점 졌어야 조영기 죽인게 지방색 지화자 통신병 ##Image ##ropri 2579 2622 3311 3325 7910 gray 장난스레 카탈리나 폴나레프 뉴펀들랜드 비트매니아 인터프리터 europe 두드러진다는 Millenn ##국립 ##들과 ##카레 Bf 금낭 낭중 비옹 연만 외광 이뻤 이엉 종동 퀸카 틸론 페임 해탄 혼설 ##깁니까 ##furt KBR 가이스 기념장 노래자 돈부리 모슬렘 박태훈 뺀다면 뺀질이 영월읍 원경희 접해야 정대영 정휴일 제갈각 조비오 증심사 최재석 카미노 특회계 헤이지 3228 7010 Giov KSOI rush 넘어뜨려 도담삼봉 아스라이 앞세운다 자랐으면 종이쪽지 훈련도감 Glory ##visible Carter insight revenue ##Bo ##GH ##능률 ##메티 ##키타 Fx 곽노 글방 급모 남심 당등 배문 빌럼 사빠 와하 완의 일모 입길 전숙 쫒던 튜바 ##행동권 ##4120 DPM NON Sie ble egr 갈라선 김생기 김지희 내드리 머무름 미더워 바빠질 변영주 실행자 알파파 억누른 여의동 엿가락 이선미 장진수 정무비 정민태 조웅기 최은미 카자미 쿠베라 타워스 탄금대 홍기용 휘청대 2885 5015 7270 Mang rent 국회대로 기웃거려 니시카와 달려온다 비춰진다 이터니티 인천교구 할아버님 Scorp 극동아시아 단체행동권 프레데리크 AWARDS chosun format upgrade consider ##고에 ##구사 ##립간 ##질량 ##MAS 경칭 나형 로듐 산구 살전 쇄기 아공 월과 재웠 쳐부 퇴교 학춤 한객 흩날 ##슴츠레 ##esty EPP HCV asc 김득신 김준환 델로스 바본가 불광역 불렀었 불려졌 브레게 비능률 서영경 석장리 손윤경 손창섭 오네긴 올라고 은하계 이화정 장정훈 쿠라마 토시코 하난데 혈청형 ##enser 0484 2517 3168 3475 3512 3853 8340 Bras IOPS LAND 나프탈렌 바스티안 슈퍼밴드 오페레타 카테리나 cyber 오카야마현 클래지콰이 taurus Against 랄로 배껴 버겐 별설 슈도 실조 요랑 절영 점서 촌정 키건 탐심 활터 회맹 ##gent ##neth DAI DOP IGC NLB 광역학 김상표 김석중 김재용 내려옴 누비자 닥쳐온 대외경 로멜루 베체트 송호성 안경덕 얼려서 에티카 이정도 제천고 최은석 타운스 펼쳐갈 하리마 형벌권 2765 5029 AOMG wait 갈리시아 고기만두 떠내려갔 맹골수도 모리모토 무오사화 벌인다면 베르톨트 소연평도 어른거렸 연보라색 플라시도 Acute Fidel 국립합창단 드림캐스트 못한다면서 Anchor Fiscal Gilead hstree methyl Compound 광주도시철도공사 ##링거 ##숙청 개말 경흥 규원 도락 뒷장 매고 맥닐 맹그 민무 백국 뻗대 석시 아쥬 일층 통식 툴롱 향시 ACF BSK JDK KDR dup 개근상 권순호 그라함 그랑제 그런디 김민범 김현웅 동정지 들려도 벌레충 사무라 서고트 수동성 양성원 에버스 은백색 이영순 이재국 임혜숙 최석환 해양도 헤맨다 0135 2651 2936 3041 3122 7810 prob 다녔으니 다이아나 뒤져봐도 사제동행 엄청난데 오오시마 천기누설 카라바조 테오도시 leech 기름보일러 Trader Devices morning Berkeley ##루나 ##보쿠 ##run WU 동바 무체 발록 산트 승표 실강 와프 욕계 주길 주편 페업 ##phen ##zone COX MIA XIA mos tap 감회가 강병기 개교식 계보학 구학서 금해야 니콜로 부엌칼 쉬워야 연구지 오란씨 원근감 잘린다 장미향 종결지 챙겨들 헨드릭 0436 2464 2591 2724 5590 5770 5830 7788 8760 나가오카 는다지만 뻔지르르 소송행위 에노모토 프리드만 헤아려야 희망사항 Witch 아케메네스 Hammer 보문관광단지 Ancient Execution processor corporation ##곽묘 ##말디 ##무당 ##소셜 깡충 듦에 무창 무코 상숙 상혼 색실 쑥덕 외현 원합 지골 집락 투위 판굿 ##문재인 ##TRIC ANG PDU 뇌중풍 도계읍 동래성 말리부 바둑알 박용주 버필드 번져서 상중하 아라스 아크레 오천읍 정재욱 조르지 조재영 팽개친 한울림 황규연 황정호 3127 Brig Kent LONG MoMA Qing fMRI then 각운동량 객관주의 널부러져 말라비틀 아닐는지 알로이스 액체수소 주니어스 ALBUM Chrom Zhong shale 스트라토스 offset embedded resolution ##댓글 ##UTH 간상 겅호 공향 관질 벽천 분익 야습 여병 원설 위플 유막 으세 은고 인료 직배 초곡 ##quin ##tery JLP KNO ven 고창읍 민속춤 브루넬 서중석 수라도 안건준 용문면 운명론 종속국 중수로 차대운 철학가 카나페 판매로 풋루스 ##ignon 2461 2933 2939 3244 8848 Goth Rear arts many once 감상주의 도미이치 부분집합 실적주의 위함인데 잔지바르 특송화물 Habit 022100 Shotgun Tonight selected ##경장 ##나로 Pc 겐고 곰솔 남의 노석 녹서 동씨 량부 루사 류순 류한 몰약 백하 번쾌 빈주 새말 아림 엘람 예레 용객 유협 치골 홍신 ##리쉬드 ##ilis ##phia Bec HNX KSI UIA WEO 감곡면 강경남 귤껍질 김종부 넘겨질 매킨리 문성필 민유숙 방조범 불러들 브링크 수납부 아이사 유창혁 이대엽 이영국 전격전 정재성 제이원 중개료 집속탄 첫사랑 축산법 피너츠 하슬러 한일기 허재영 헤스터 0255 0500 2447 2811 9501 9960 VRDS poor sars 드레이퍼 무거워질 분산분석 어쨌다는 축구센터 학사장교 ##ything Lives 그리스도론 그리워진다 에탄올아민 ##osphere BEAUTY 테오도시우스 Compass Premiere ##슬람 ##시트 ##qui yl 갯가 곡우 냉병 누루 로슨 명해 뮤신 베루 선투 윗목 임덕 입마 타그 ##셀블룸 ##Talk ##adar ##wind IVD OME cum 갈께요 감사절 김은미 든가요 망설인 미라보 베다니 시험편 앤제이 연결기 연두부 우회술 원형질 웹투어 장희진 크룩스 회백색 2421 DHCP Goal wrap 가르시니 기웃거렸 뛰쳐나간 베이더우 뽑아낸다 잉꼬부부 크레이프 ##hedule Goals Salon simon 데이셀블룸 야마나시현 커피프린스 ENERGY Powell illust 끌어들인다는 한국과학재단 Without embodiment Quantitative ##같잖 ##백신 ##터덜 권보 렙업 비창 읶하 전욱 절사 정출 직한 테즈 ##elry DMF GTD PXG RIt lap 금암동 노란빛 노포동 동바리 려느냐 문경준 방면군 섀클턴 송광수 실패율 온찜질 울려서 이혜원 인수증 임동혁 조우진 지동섭 항해술 후이즈 ##물산기업 ##retch 2799 3433 6410 6860 Dior 간판타자 갑오경장 걷어붙인 그리말디 깐죽거리 나가시마 남겨둬야 디스트리 맡겨야지 번거로움 살오징어 아기공룡 아순시온 중매쟁이 터덜터덜 ##encies smile 동양물산기업 Kennedy cultural remember transition ##북한 ##으려 ##퍼틴 ##nia ##oDB 근치 까내 랜싯 문새 민강 부틴 소크 앙부 저차 폐조 헤처 ##스코샤 ##추어리 GUN 가슴골 개복치 구자명 김기찬 김민형 김정필 김진원 등허리 마천역 박영일 밤바람 부여읍 불벼락 비유법 신재효 아와지 열람권 운용비 원주인 이병준 이주은 인화물 임채진 청평면 최효종 크리치 탈리야 태장동 팔푼이 팰퍼틴 ##네거리역 2473 2688 2762 2796 2989 6354 6370 Otto vict 고전학파 답십리역 대한해협 사바사바 신경과민 아이브스 외조부모 윽박질렀 주관주의 툴툴거리 해친다고 Enjoy Genie Quiet 드러낸다고 프로판가스 Pepper Letters ##가져 ##생숭 고포 근골 돈오 머로 비감 삼대 싱숭 윤전 의부 짠지 태터 ##경화성 ##니스터 ##진화론 Vas 다카코 동짓날 마나님 맹훈련 몬테로 문지현 선교학 원스텝 이진철 최규남 최정화 0453 0800 2589 3107 AICC JGTO Mell SMEC rien 노천카페 벅차오르 빌립보서 아귀다툼 열경화성 흔들의자 ##berger Depth LIGHT 흘러내린다 ##미언 ##800 결가 교군 구른 비컴 빈드 새창 약무 예미 용복 이먼 창난 항선 혼시 후분 ##캬라멜 ##esth ##urus BCD Dex ENR HOW 김미려 김병헌 너클볼 바둑왕 박세혁 상륙정 신화학 아이어 알폰스 엠에프 오락물 운반자 장기말 적혀져 정성장 조한승 짊어졌 캐시디 판테라 ##atile 0074 0210 2619 2679 5570 7520 HSPA SCEK YOUR meme 고마운데 소유관계 스퀘어드 싱숭생숭 울먹거리 장이머우 충무김밥 흐트러질 ##elfare CROSS paris mother moving 가톨릭대병원 오렌지캬라멜 tomorrow ##tes 강충 광검 구엘 남벽 딱할 루테 백패 버자 속병 엄존 염시 올메 탄주 험이 ##그르르 ##정대부 ##olla Rat 개스킷 굴려라 김종일 남북국 노빌리 박유진 백설탕 베리코 변비약 빌려다 사라다 서민주 손석우 스카디 슬퍼지 얼스터 은해사 조절력 처조카 홍종우 ##emble 2857 3685 4412 PAHO hash nine 다케시타 리퍼비시 미적미적 스트리퍼 잡스러운 정림사지 지냅니다 채울려고 20200 False Sanct 노바스코샤 Beacon weekly Spotify ##처드 ##101 ##erk 개령 꼴등 득보 마쥬 문생 배럭 벨뷰 진찬 타소 토진 통선 티사 해문 ##1660 ##POKE Bae Bam Era IHO Orb Pup RCP dmb 개최권 구자은 김익수 됫는데 문지인 미츠오 박상욱 반타작 배진교 사다코 신아영 악양면 월성동 육아법 최성욱 최유진 튀링겐 하야마 허연수 ##eseul 2503 BOSS Lynn Prod 러스티드 언리쉬드 으셨으니 인생철학 자코메티 Equal HEART 와이어로프 Father Trinity rotation ##ulfillment turnaround ##세타 ##쉐량 ##작가 ##제동 ##조모 ##쳐도 ##AST 녹수 리락 봉박 이람 져다 표자 회설 ##끼들아 ##라이징 ##Pass GBS KHz 갈빗살 강봉규 경북선 고무열 고승희 김익태 꼬리치 남기찬 대공연 뜬소문 랄랄라 리처즈 박창현 베넥스 오만상 오성목 이건준 이원식 장쉐량 장정석 카사이 한태근 2613 2757 9820 CPSC Rare cmit 리락쿠마 보험가액 붙인다는 어울릴까 유대주의 프레스토 ##ospace 태어났으니 ##achment mental Pension Permian Sensing Mortgage ##려져 ##nel 단관 방승 삼년 상포 선추 에데 왕과 차키 헹군 ##본조약 ##슈미트 ##etho Dok tes 개미집 대법정 루미스 맥루언 사누키 세워왔 이한상 이한영 전출자 정화수 졋으면 줘버렸 진부령 최교진 최원태 코르키 쿠르베 투자율 포일동 프렌지 2463 3128 3315 PINK 로카르노 뷔페식당 이즈미르 초벌구이 태터툴즈 EXTREME Inbound Midnight ##르나 ##법무 ##이브 ##평화 ##ads ##lav 갈란 거열 귀면 래비 뭄바 박송 반병 신둔 써낼 일강 주완 진애 짜냈 출모 파한 폐건 할퀸 혜제 ##데이라 ##조정권 ##토리아 ##학병원 ##ICAL ##Line Isa bae eas gig nex 거리낄 궁남지 길모어 김상원 꼴같잖 대숙청 렀으니 박노자 밤공기 셔우드 수사진 안승섭 전송기 정인보 조재훈 주기철 진은숙 채리나 포크너 플로스 하비브 ##matic 2721 3073 7570 9590 Dive sams 간이침대 물결무늬 자기혐오 float 급진주의자 틀어박혀서 Platts 아브라모비치 한일기본조약 Fishing Junction financing Specialist ##겠지 ##수와 ##없는 ##오세 ##저차 가서 감무 금운 기룡 너자 녹유 다판 드십 명교 범키 안처 오뚝 임비 입명 적위 지송 투로 한범 행초 ##스러워 ANT KBW UVB Und Ytn 가야국 경작면 기갑병 기화기 김승일 김종선 꼬끼오 노래패 데인저 렘수면 버뱅크 슈스터 양장점 월경통 유종호 작살날 장민철 장인수 채송아 홍상표 ##power 3095 3911 7360 8910 TRIP ctrl 까다로우 독립생활 신출내기 심벌마크 아주버님 인삼농협 정했으나 ANOVA 긴급조정권 080160 Turner BESPOKE friendly Petrobras ##VM ##ZN ##경계 ##프램 곰배 늘봄 돌김 렌토 만노 몰개 무린 문빈 삼다 쇼니 쉬메 요압 요함 임곡 점상 체트 MSF 가환환 공분산 김명기 대명제 로리스 무주읍 박남규 배서인 사익스 아랫면 올드팬 응한다 이까짓 이사강 이정아 정갑영 정도현 진폐증 천문관 천전리 클린치 탔으면 황금향 0398 2492 3635 6110 7340 7380 8410 Iris MBIA QNED 겐이치로 놓쳐버렸 머슴살이 버밀리온 비자나무 슬라브족 어딘가요 여차저차 임한다는 전자기력 쫓아간다 허풍쟁이 Astra vitro 올라갔으며 Magnet Happiness semiconductor ##강제 ##뷰터 ##이락 ##IEW Iz 간균 개군 검약 도작 동몽 로난 범재 상것 앙새 여재 이깟 조송 콩닥 해랑 ##boot nas 고무라 김낙순 김형범 깔아뭉 남남동 노동건 부리기 비켜간 새빨개 실체법 양희동 이규진 이금희 이석원 이효정 임형준 자유자 정우회 조세프 즐겨볼 최태욱 카발라 캔디스 토해낼 포크스 3104 3252 DASH jenn tips 글레이저 나오시마 넘어뜨린 노보트니 마주쳐도 배니스터 영산회상 용도지구 웅변대회 즐거워할 다이어프램 살아난다고 forest Jiangsu freedom leadership ##HY ##성면 ##equ 기골 다츠 두나 목시 박청 벅시 생쌀 응달 쳐든 층집 퀴라 ##나마타 AFM Ana BAN FAW GBT GLN IIG MRC MSS pca 김운용 수비군 신안동 영농법 오구리 위생복 이수형 저지력 조혜정 천성관 ##iques ##ismus 2767 2832 3236 3264 7540 Doom Ping cbdc iter ᅳᅳᄏᄏ 끌어당길 슈워츠먼 즐거워서 하늘거리 paint 디스트리뷰터 Eternal Voltage ##Gs ##uo ##바짝 ##사코 ##설비 ##610 ##agh 빙질 승종 약술 조빈 찔찔 차랑 향부 홍규 화족 GHQ Gol TOU 끝장낼 나구모 남봉현 맥밀런 밀려가 박준금 박헌도 산성동 수전노 이규태 이현경 장도리 최준근 코틀러 트란실 포곡읍 표준체 한영애 3153 4327 6170 Blvd Clay 레이어스 밝혔으면 어네스트 으라고요 잡혀간다 취해진다 코마케팅 FRESH miggy 기울인다면 사들였으며 스누라이프 ##ideseul ##istence 트란실바니아 ##ibration Believe Planner Petronas dependent ##HK ##리는 ##부채 ##비노 ##섭섭 ##월터 ##키가 ##한글 경언 규석 나랑 나수 단병 단핵 도은 리덕 발볼 봉군 블롬 수촌 승국 원에 이슨 책비 캐닌 코돈 하학 황관 황청 ##esar ATR Vue miz vin 계림동 귓구녕 김태섭 김현승 노르마 다목적 로마나 문광위 바래서 박범훈 봉암사 부랑아 사진부 석사동 스자쿠 옥슬리 용각산 이경후 이끌린 이익배 이준구 전동수 정다빈 준대도 쿠즈네 팔루자 홍범도 2361 2631 2996 3728 6660 두메산골 물질대사 밀리리터 신문배달 실으면서 화천기공 흘려보내 20140 Barry 모노드라마 chaideseul ##게르 ##장마 ##하냐 ##PRO Sz 계묘 고할 골마 규암 농막 라위 법국 세염 아닉 이함 일나 제완 폐전 혜심 ##조선족 ##카트니 Gib TRF 가려보 김기진 김성윤 김치우 대포항 등록기 브라인 순문학 아산역 알베스 역전사 울부짓 이상아 임성빈 입사식 최효진 포승읍 항염증 호국단 2546 2805 3443 3737 6820 7510 8220 Dale MRSA SBSi cvid sdgs 가요무대 나카모리 무도회장 보안처분 소사본동 컴포지트 Bayer Belle twice 메드베데바 테트라포드 ##RR ##메데 ##할까 ##IAS 곽범 굴진 내삼 다포 덥스 래매 랜들 송당 쓰르 여후 잔니 잡치 쟁투 지걸 최로 출성 페랄 ##wing Luv ink luv obl wis 가람동 가쓰야 강타선 갯장어 거류민 김영관 김윤영 로키츠 박달재 박재혁 반출량 악착같 안창남 유령선 인정전 작용제 장소연 지르기 청정제 코코스 팔복동 팔카오 ##고통지수 0431 2557 2567 2929 3033 7720 Ivan SOLO Scal 경기고속 곁들여서 곡예비행 길모퉁이 오다기리 오비이락 중립지대 흘러내릴 Vapor Superv 경제고통지수 디자이너협회 Instruments ##랜즈 ##미치 ##베드 ##서는 ##윤석 ##이까 ##chr ##opa 깨인 도환 말총 병욱 보결 빛살 서걱 센카 암염 앙급 역촌 와송 왕길 을고 이웰 익지 천이 최옥 한장 ##momo ##otto ##yric LEO 가랑잎 김승혁 딴생각 라말라 라이아 바쳐도 부도났 살아감 오경수 운다는 음전하 작살낸 장뇌삼 장안면 쳐진다 코타이 탐구심 함은정 ##idase 2927 3171 7460 LCOE Sean dios 꽃게잡이 널브러진 노부스케 발레리안 봉급쟁이 안데르손 에너지난 울고불고 줄입시다 치우쳐져 Jerry ULTRA units 들어선다면 신다면서요 welcome Conversion ##금주 ##오들 ᅳ어 개죽 규화 노콘 니와 미헬 수홍 승도 에벨 적아 종학 좌하 준돈 축수 파넬 휴계 ##uted ccc 가락지 걸포동 교사제 김경언 노적봉 때려쳐 바투르 박용근 박재경 박준서 색슨족 성장경 세계상 속죄제 스페리 신구약 신금호 쌍화탕 아뿔싸 아이시 엄남석 연상녀 오석태 옥천사 유태오 이철영 임상국 임성남 조가비 졸라맨 준비자 포레이 0042 2434 2844 2845 6440 7490 9710 Bend Herr Shir WING 번거로웠 세정그룹 시원섭섭 열전도율 잡아들였 타흐리르 풍경사진 ##Source steam 빨아들인다 코호몰로지 Benzene OneDrive ##람스 ##BSD Bn 가없 갈문 꺽인 렀음 론진 몬디 번치 생극 손품 술제 암포 어화 역실 연담 예여 위위 장섭 장여 종세 중련 징허 측선 핀볼 허적 ##asta ##enia ##hoon BER 갤리선 권소현 권오중 노거수 노민우 눈구멍 려면은 무역로 벨트레 소급효 씨수소 양남면 오간도 이태수 장영승 전산기 정보처 정석용 정진운 케이건 헤이케 2595 2642 2649 6420 WBSC lost ᅳ문재인 예배드리 티베트어 파리아스 판스프링 황금가지 ##ailing 20130 아닌데다가 Queens cncmomo ##지니 ##콘티 ##희생 ##bag ##pic zx 광정 교남 구랴 다감 두품 딱총 라희 서옥 솔거 숨차 안량 었겠 영법 오샤 운연 유점 입후 퍼셀 한카 ##olux Gur VMD 겉표지 김규옥 김부자 김성혜 독화살 들어낸 래리티 목화씨 미조직 미카게 서부동 양미리 양촌읍 연미복 우르바 의태어 이중희 이창욱 추스려 태을주 프레첼 홍순영 ##관리기금 ##Korea 0128 0147 4001 6753 9080 Oppo Rosa cord 데려온다 바짝바짝 서동탄역 엌ᄏᄏᄏ 열어젖혔 제트블루 토르티야 피카딜리 까다로워서 에이치라인 048260 Clinic Sculpt Wisefn Esports cluster Firebase Evaluation ##ei ##귀속 ##베베 ##utz 검룡 경노 깨질 독상 동용 뭉갠 슈코 여말 옹관 월당 의표 조막 크룩 펫코 함봉 헤커 혼숙 ##제비츠 ##PERS ##chip ##omen ##yeon TWO hpe ups 그어야 김민서 더스티 성악설 손님상 손승호 수피아 앤더스 양주동 엔가젯 와이낫 우키요 을매나 이병진 이수광 이자와 제설기 졋는데 지겨움 타카노 한당께 2704 2711 2771 2874 3388 Aqua DARK 골수분자 논술시험 두꺼워진 못할까봐 미나마타 서툴러서 쓰르라미 아득바득 야고보서 자란다고 Pizza 긴급자동차 끌어올리기 Gravity crimond Deposition industrial ##루빈 ##akh ##mus 과라 까져 꽈아 냉풍 두순 롭슨 맹한 삼구 안교 양개 연백 예포 자싱 쳐놨 피모 하랄 ##9460 GAN mpg 공형진 구혼자 김수일 떡붕어 무심천 박보람 박철순 삐그덕 사바하 아바디 애써야 야뇨증 에스시 욕보인 정원식 제석천 주의식 청심원 톰포드 팔려간 2389 2674 2914 3328 3511 AAPL Basi Beau Piet 고꾸라진 도미니코 슬레이터 시들어가 오들오들 종려나무 Column Sanofi 서해종합건설 클라우제비츠 Teaching historical ##투덜 ##티온 Cn 검교 격단 국혼 리몬 병준 산음 식관 심낭 야초 연번 원촌 적어 줄걸 채반 탄면 평기 풍절 ##eton DSG TDP Uns ads faa nut rob 강석희 검역법 경주역 계획량 고양동 기한부 길러졌 꼬레아 돌나물 마포역 모자반 몽구스 백스톱 분기역 실족사 십자수 외쳐온 쿠루루 편부모 하재숙 한네트 황성동 2262 2582 3027 3188 7090 ISSB SONG 가니메데 국가귀속 망친다는 모른다니 비스콘티 애플파이 ##enburg 001680 002320 heaven ##소식 ##조물 ##취산 ##코네 ##홀드 ##125 ᄋ들 내닫 농조 따짐 렌카 려사 매울 세빗 수남 쉬머 실근 에조 임엔 지월 천원 판식 형재 ##ynos EMV FEC GDe IAC IDR ODI kph 강신주 구원병 구호소 기종점 김경률 김복만 까대기 노출증 뇌섹남 도산면 루손섬 물동이 뻔뻔이 안영배 영취산 윤석호 이형철 자잘못 콰이엇 해다가 허수경 흥부전 0066 2716 2855 2985 9030 9120 Curn 공공자금 근본번뇌 낚싯바늘 니가타현 바나나킥 수양버들 Cache ##ensions Roland Spider 공공자금관리기금 Turnaround ##메탄 ##MOR Iv 골무 관촌 구망 논물 똥침 른은 씨앤 없잖 잡역 재니 침유 콜롱 페렐 ##스타브 ##온라인 ##호랭이 기어오 김상일 난반사 내보일 더드림 뗄래야 똥배짱 문세광 배삼진 뱅크시 분황사 사과즙 색전술 시집오 신통찮 아르다 안동일 양희승 왈왈왈 위병소 이기성 이필재 척수염 휘어짐 ##메이니아 ##ittal 0804 2498 2917 3444 MAGA csis disk such 가해진다 비상경계 세웠으면 업라이징 자기변명 한솔개발 Pivot 무거워진다 mathrm 신사동호랭이 태즈메이니아 Georges compound ##시딜 ##자주 ##fun 결딴 경갑 공길 권우 금각 기윤 당밀 디기 떼제 래면 류도 먼일 문살 발람 버든 복엽 설천 소물 악악 애커 올댓 육촌 짝패 체련 콩대 함재 ##키티치 MSV RHG SDP coc eff sir 가려워 고종수 곤두세 김중업 김태민 나루세 나팔관 도서국 맥컬리 민스키 박기남 분산제 브누아 브란도 비교법 비육돈 서종면 세탁력 셀레네 어우르 우민호 유자망 윤동영 이문동 이영원 이정애 장인환 정인숙 진면모 코토미 킵차크 프린시 하성근 홍성원 2658 2664 3113 3425 7880 DISC Gand Saip Shen 라키티치 무스카트 배운다면 분골쇄신 살리실산 인목대비 투덜투덜 고리대금업 올댓스포츠 003530 Backup 에베레스트산 ##ZU ##녹수 ##만방 ##문에 ##외채 ##토실 ##행파 ##iya UU 가배 개두 개와 매요 맥머 목지 뮤어 빈총 산생 손빈 송체 야율 으심 중극 초피 출반 측후 판판 포두 CRL Mys PDV SVG TEE UVC 관덕정 권영훈 김대기 김문오 김한규 다시다 마유리 명명법 목장갑 문고판 미야노 번뜩였 브런슨 서동요 스텐실 오병윤 우아동 임형섭 장재호 제너릭 제스퍼 조건식 조동혁 종이배 취학전 코파스 큐리스 토우코 팔레비 하타미 홍천읍 훈포장 9010 Carr JAXA chat 귀스타브 마츠야마 사귄다는 스콜라리 연중행사 유가행파 확률분포 ##ustink Claim QTRLY 대구기상대 알려준다고 Ludwig Marvel Heinrich bloomberg ##노인 ##입지 ##VES 건시 골려 리철 배농 완견 월석 이섬 지록 톰과 틴티 틴틴 풀라 홍광 ##는소리 ##통제사 ##amai Civ EMK LPS NAM 금속재 김영자 김한별 꽃사슴 나열식 노옥희 노환중 떠날지 미모사 보장금 스텐손 아비스 어딨나 에이든 역술가 우측면 의무관 정해구 칠성동 코하루 통일호 행동파 혹부리 2458 2578 2726 2907 3078 Medi 국문학사 더클래식 말꼬투리 미국국립 술렁거리 이비카드 지나다닐 헤어져서 수군통제사 수박씨닷컴 엄청납니다 102940 Marcus Worlds ##륜산 ##oso vo 낼래 데데 성절 쌍칼 억단 울드 월반 자돈 혓다 휘리 ##gers ##itty AGC GAO iCP 가양주 기운차 김안로 낯간지 방조자 신용길 알긴산 유영록 이민수 이혜민 입혀야 집합론 총외채 티어스 한물갔 할리파 황수경 흐려서 ##enzie ##unken 2532 2541 2706 7440 7820 disp iKON 가벼워질 노천온천 대원고속 들어서는 롱기누스 분별없이 소곤소곤 전자오락 ##averse Users relig Selina Carnival youstink technical commercial ##TK ##고루 ##차드 ##키득 ᄎᄋ 맹기 맹원 밀원 색지 아애 애벗 용심 절역 죽곡 짭잘 체아 풀빵 행문 호패 ##단스크 ##드리치 ##Sync ##enef Dip MPG Mai PPD SEQ Zoo guy ham 갈라섰 강선우 곤충류 기어드 김보현 내원객 릴랜드 박종운 발렌티 백지장 복수기 비오스 수비크 실려간 심이영 안면읍 열패감 용당동 육면체 이명훈 인다고 자그만 전기량 정경준 조용수 조용형 주우재 챙겨도 천문조 최승환 최필립 탈수증 햄버그 2471 3208 3235 8086 NIST firm used 다독거리 문하시중 빨라져서 아길레라 인간주의 적색경보 조물조물 토실토실 Noble 파렌하이트 코르넬리우스 friends Malaysia ethylene ##pd 띔 ##드린 ##버럭 ##신은 ##좌빨 ##질리 pq ᅳᅲ ᅳ한 구철 꼬셨 대갑 망수 배끼 빌러 스강 시박 심명 올젠 진율 통절 펄벅 푸욱 프롱 ##5610 ##umen Bog DOT PFA 과실범 근화동 기준지 돌려볼 딩동댕 문화촌 발더스 백용환 분갈이 불법승 알라신 양산동 윤윤수 정규철 찬거리 카사르 특집극 한비야 홍콩식 0048 0335 2483 2818 3086 4225 DSCC Trim 몰랐으며 송배전망 여성학자 정체전선 침묵시위 클라이머 키득키득 Adolf mmbtu 레몬그라스 에큐메니컬 원폭피해자 일어났으나 crisis Toronto JUNGKOOK container ##고이 ##구아 ##TOP eF 깝쭉 레셔 령실 루차 문문 사매 설총 속현 암점 운자 유군 유평 육당 정녀 주매 주불 천손 피골 허주 흑묘 ##베이라 ##omyc DMM JDX NYU Nou PoS SDF cle 광진교 구축물 껄껄껄 동홍동 마린룩 망명객 망명지 문형욱 불광천 어획고 에이구 운남동 윤주경 이선경 이성미 이정국 이크스 자린데 정기석 지브란 차광막 천연색 최병국 풀베기 피워도 2618 2641 2752 3166 3226 3277 8530 CBGN Glam Lyft MSDS PDRN Salt init 경제주의 굴러간다 도야마현 모리야마 봄바디어 쿠노이치 합명회사 ##andong ##posium Grass Merit 경부고속선 아래아한글 일으킨다면 095700 Curncy 자유지상주의 Evangel Artprice Sunshine mechanism ##망간 ##via 고냥 고슈 교언 마돌 승욱 식학 양란 옴팡 자담 쪄낸 태복 트친 파렐 ##라고사 ##wise FFR Gin McA SFR Sag UCB XYZ 강경식 강성주 강신철 경문왕 구포역 국가론 김현섭 다이토 데미스 데브라 물러지 석모도 소개소 스텝스 양조위 엄복동 옳바르 유진박 임동진 자운영 조윤정 코스비 프랑키 하연주 6140 6870 7160 PERC milf 고쳐져야 근대주의 끝내준다 미즈시마 빌리루빈 세상천지 시러큐스 옮깁니다 어떠십니까 Oriental extension Datastream ##대제 Ic 개평 김매 껀터 내촌 속증 승탑 신혁 실부 알칼 용란 탄파 김윤호 더만요 모헨즈 민지선 버려둔 복거일 비싼게 사제직 성덕왕 실미도 연방주 오로스 을망정 이고은 이지민 정창원 종결짓 훈도시 ##alone ##ommod 2798 2876 3165 3552 8180 고루고루 공모발행 기다릴게 날려버려 도덕군자 사라고사 서러워서 ##charge 무서워한다 바실리스크 어우러져서 온양온천역 ##굴리 ##gon 건단 겐무 금등 네카 노폭 들걸 루실 샤일 아속 종하 죽기 차형 처무 케넌 토튼 핏츠 ##thys byc ufo 고립화 권혁진 내걸려 돈타령 마시마 망쳐도 몰라했 무색소 민원기 박창규 박희정 벌교읍 사회법 서원석 소유지 스레이 스템프 시집갔 윤갑한 이누리 이대학 이병천 임용식 지사제 카이아 프랜즈 ##posal ##urday 2667 2733 2807 Vega 도원결의 모리토모 사막여우 사서삼경 약삭빠르 토시유키 Jeong 001260 meetho ##ievement Cutting ##멸구 ##모드 ##모여 ##주룩 ##hwa ##uil 경탁 공발 내강 동은 라졸 맛사 망산 보에 서반 소맷 시짱 안와 왕검 요호 잔등 존고 쿠푸 하찬 후야 ##igon BMG anc nbp 거들랑 걸으니 고양군 공들였 구른다 그르친 김홍진 멀리건 백스터 범물동 아이아 에이알 엔젤리 엿보았 예성강 윤승아 주교단 촬영차 카디스 피프틴 하누리 하북면 호기성 호돌이 흘러오 2469 3178 3658 7290 8130 ASME Duck Temp 공평무사 딱딱거리 봉산탈춤 올라갈지 져서인지 주룩주룩 Banks Relay 알렉시오스 SQUARE ##당은 ##딩턴 ##렌테 ##RLS 각산 계향 길르 깨보 꽃술 날랜 다토 떠듬 로주 미녹 바조 백면 부투 삼두 수는 약봉 코밍 탄부 한연 현손 jpx 강병구 결합제 고딕체 공통어 그래함 그만치 김정난 김정만 김효원 낙화암 남성향 내자동 디버거 버추어 사행심 소형기 신명호 신북읍 신학회 월화수 이양구 이트맨 일진데 종교사 주선업 주코프 하중도 핥아먹 ##arium ##itomo 2486 2554 2691 3258 3525 5816 DCRE iMac 다닌다며 미녹시딜 버럭버럭 브레인즈 스프링어 여로보암 책임져줄 평생회원 Johan Susan sorry 넘어섰으나 올라왔으나 069080 Hughes Recomm WINNER Pictures materials ##ibalization independent ##오레 ##128 ##tor Dn YC 노양 도역 돌배 말아 멜런 발대 없는 접적 찌게 층판 칭제 한즉 현사 ##ertz COB LEE USM 개똥쑥 국자감 기뻐한 내려요 누네스 니시코 떠날까 라자로 버틸지 베레타 상근이 세웠었 세포핵 엘레오 온고지 옷맵시 유철종 윤성훈 윤종록 이관희 이런지 이은숙 준항고 찔러야 카시마 파비스 허덕일 황사영 3271 3285 4217 BOSE CSKA FIRE Slab pooq 공장입지 마사하루 밝혀낸다 사이시옷 저질러졌 직사각형 국수주의자 나타낸다면 물고기자리 부끄러워했 알칼로이드 Accord Vintage shopping Instrument Simulation ##걸러 ##oye 각권 감북 꽃수 단산 류종 멀칭 반초 복항 빈속 삼채 삼흥 샤잠 압통 울기 조후 천골 체세 치의 파원 회통 ##아데스 ##VERY IME MOI MVG bec 겹치기 곤도르 골전도 구평회 그란트 김정균 나영자 눌러라 러스크 롱소드 류승우 류정한 사마광 상고사 소양증 소인원 송옥주 스도쿠 오노레 오시이 온의동 음성학 이동석 지도학 퀘이드 테이큰 한산도 2493 2743 2763 3157 6340 marg 과학동아 속일려고 싸움박질 왠만해서 자연정화 카리모프 트레비스 한해살이 Beats 넘쳐납니다 에이브람스 프리토리아 answer 학술진흥재단 Fighter quantum Producer MobileFirst ##뒤룩 ##무비 ##비밀 ##푸징 게터 굼뜬 길씨 꺼이 따다 비성 성포 업해 연생 위르 조휴 종미 처러 천회 코도 ##분석기 ABT CGN EDP GMA HCC LFA kar vat 권영배 놔둬서 디디디 딸린다 로제트 마셔본 매리스 머구리 머슬카 문대성 박건형 베르길 본떠서 속상함 쇼토쿠 시나리 오다큐 왕푸징 이수원 쿠라타 타올라 통성명 한국제 허경욱 ##peria 2926 2931 3147 4012 8690 CELL JLPT Poor Yeah slim 가만가만 갈매기살 마데이라 말더듬이 ##manuel ##prises Going 가톨릭교도 질량분석기 대한배구협회 레비스트로스 베르길리우스 Pearson indicator ##가튼 ##홀릭 ##cut ##ipo 가뇽 고필 나배 남과 디콘 류급 벌게 비심 사글 살대 서파 시데 양견 요쿠 임국 전완 채명 축합 캐멀 ##5890 ##kook Bri PBM PoE SCD UNW 겠으니 고달파 김광섭 김성동 김성숙 김준동 나무과 노현정 대선사 돌잡이 라르고 마이런 분담액 삼선동 성도착 손정현 쌍코피 용문동 우동기 울화병 이강주 이병은 인문계 전하진 정혜원 한경면 홍영선 ##사랑카드 3066 3211 3713 9920 anth intr 기자조선 나카하라 아태재단 알아봐야 이나시우 일으켜도 콜게이트 Buyer 멜로디데이 석가모니불 지안카를로 ##ularity 나라사랑카드 Etching healing running ##ᅲᅮ ##버럴 ##버슨 ##중얼 ##yer 기섭 당새 대륭 선차 유설 음복 저만 채의 취장 파삭 풍정 피미 허병 호승 ##jang ##olds Bom TWS VOV WCP fdi jam sad 강진원 고달픔 교수협 구보타 굽이쳐 김기리 두란노 듯하고 민교협 빌라이 서신동 석고상 선진화 신스팝 쓸까요 안소희 애들러 애써도 월곡동 이화동 정현종 조창현 카토리 협의제 ##바둑리그 2908 3203 3239 6690 8370 USPS fear mvno 겨울맞이 공공부조 미쓰코시 부부젤라 스크립터 스피커폰 어지러이 천근만근 클라란스 파비우스 Colon Gates Serge kadiz storm 그러데이션 뉴올리언즈 빨라진다는 Dupont 한국바둑리그 ##총통 ##호부 ##Bot 강익 계옥 길한 니만 덧씌 멸살 방모 비증 뽀대 선환 설트 알사 증수 진점 착점 추마 콩과 한역 해빈 ##gart DOL IOM TAB 강한나 기억났 김헌곤 날고기 닭싸움 리비어 모란꽃 문장대 민간용 바다뱀 박광현 박현경 베인스 삐딱선 선교장 손승원 수표교 안선영 외쳐서 워터리 이구아 이기홍 이준재 재조정 정대표 쳐준다 크라우 행위지 홍성일 흐트리 ##ovich 3133 3323 8830 Burg Icon sync 갈립니다 돌려버렸 등대지기 물구나무 스터리지 시니피앙 연꽃무늬 온고지신 클린스만 레온하르트 181710 NOPLAT matching ##가쿠 ##경로 ##아야 ##야릇 ##프터 ##WAY 건비 고채 군목 금위 깨친 니샤 뜨였 만득 목우 밀본 소꼽 아닝 앙굴 오흥 옥돌 위청 유겐 자그 잠사 제표 즈루 진토 통짜 투나 호망 BUR MMW Suz TKI bob 교무처 규산염 날수록 내달려 따돌려 레빈슨 메구로 송지오 수포성 심포닉 에머리 유인식 이중구 주황빛 쫓아간 출세욕 2482 3292 3344 3846 6005 HDAC styl 물자동차 풀립니다 해줄망정 MONEY 살아왔으니 ##adelphia Articles ##셔병 ##즐링 yh 가율 곤양 금금 노복 뒤비 머의 민투 보머 상엽 생긋 소남 우묵 장표 차슈 천미 케찰 쿠온 쿠츠 태이 파묵 페섹 햅번 ##잡니다 ##7970 IPR ZDF 고셔병 김미진 드리울 면회실 바야르 변창훈 빨라요 아라우 에드나 이미정 이상천 이승국 정호준 조계산 조관우 ##afood ##eterm 0443 2877 3038 3279 6310 7660 SCHO 그겁니다 뒤따라온 뒤룩뒤룩 말레이인 스크립스 알아챈다 어질어질 플라이셔 후베이성 ##Master Caixin Ronald cosmet symbol 프라이드치킨 nuclear description ##시엔 간하 공계 귀대 러네 로쉬 샘골 속재 쉬미 여화 하곡 하칸 ##글자글 ##anti DPW JSR KCT SCK TIS Unt wfm 구해도 덤빈다 랍토르 망가짐 맥밀란 무장대 박동욱 사무친 손해나 수요지 실려온 안정호 외사부 월경지 유혜정 이기용 이종업 정범구 정수정 조미진 조율사 조진래 치고는 풀어쓴 햇감자 호산나 홍록기 훈련대 2553 2584 3019 VEGF diet yang 루시우스 세이메이 자글자글 자기희생 쥐불놀이 카롤링거 Param blind views 슬레이어즈 합니다마는 Dallas Damage Luther Tucson Article compact ##린느 Xe 갑중 더브 들목 민나 바유 백건 삐쭉 삼갈 유필 이밥 이페 일몽 저본 졌어 천출 프랄 협화 혼진 ##그림자 ##니다스 ##aden ##kwan HEC usr 근덕면 다뤄서 디아망 라비앙 루시스 마이보 문답식 뭉쳐져 박정배 브레송 비워진 서보익 신상문 아껴라 이경준 이하영 임원수 재공품 저려서 파도치 편의대 한창수 2259 2547 2713 2788 2802 2873 3065 3545 8190 Bail EISA HOPE LVCC Shim 니시코리 단순노동 따라나서 떠내려온 마사노리 옮겨간다 중종반정 친해진다 하마사키 61713 FESTA shape 레오니다스 루빈스타인 프랑수아즈 Surgery crystal Correlation Thunderbolt ##Of ##거뭇 ##디즘 ##언트 ##청청 ##PSI ##gie 간드 교설 급비 대녀 망태 면양 병드 분액 엉기 응디 작이 추면 행글 ##DORA ##riri WOO 고정우 구개음 그란디 김우철 김진혁 깨트려 남진우 다가앉 대종회 등고선 모아이 박해영 사격술 샤르코 서지학 신원식 심사장 우라노 이문종 이지안 장효조 저탄장 정경미 정덕구 정재숙 조웅천 포장길 홍영기 ##arrow 2429 3079 4283 7930 9130 Kate 거뭇거뭇 독신주의 버펄로스 베르누이 삼림욕장 상일동역 스케이븐 황금만능 ##urrent guard 으르렁거렸 Cannon Collins integrated 갈웜 권외 급채 날품 댕댕 무었 버턴 성백 실컨 일교 전효 중혼 쥘리 찌기 허강 ##9780 APO Spy jet kmk 곱배기 광주여 김명신 김보영 김상구 김충현 나자프 내버린 로스만 무뇨스 바람꽃 보장국 분출구 불살랐 불신앙 브론테 사셔서 신재원 안상홍 원미동 원컨대 유현기 이윤상 이현도 인디라 입선작 잡아타 최광철 티베로 포토맥 호로록 ##로스포린 2609 3084 3217 5252 Iran 더라면서 독야청청 모험주의 무었인지 Crime Crush GAMES LOHAS Sands Shark Views Angels Hadoop Nicolas Scholar Dynamite Identification ##fk ##겨웠 ##민지 ##지표 ##휴지 ##rit 계월 계축 고걸 관거 너럭 미질 백찬 불망 생합 소석 장첸 저브 전은 종훈 추레 축장 특칙 필선 형신 혹등 ##플라주 EFF IED LLO ell 가운뎃 고려원 구회장 그린트 김중만 김한진 냅니까 다카이 라테일 레이츠 미분화 박상면 소사선 여성단 원지점 월북자 이상균 이인걸 장안사 즉흥성 튀긴다 특전대 포스콘 ##레시아스 0479 2571 3256 3625 8120 8145 8631 comb mate 가린다는 국가승인 그단스크 너럭바위 돌아올까 동대구로 디아볼로 문무백관 발레리아 브릿지스 술렁거렸 외친다고 혹등고래 나폴리타노 찌그러져서 Murray 트러블메이커 FinTech Everyday Philippe Monetization ##NF ##마저 ##선매 ##스는 ##할지 귀수 도몬 뚱한 래곤 뻐스 사릴 선매 쉬바 스라 전합 진먼 컴비 킹즈 프룻 학가 ##브루크 ##PLUS ##jung ##mate Cot FOS Nem SEE 갈루아 견본품 관저동 김천일 김해성 김형우 날더러 미라벨 베링해 상동역 샤모니 스티그 아리오 아즈치 열매체 오르트 옥개석 이진형 인수액 장목면 재산액 정광용 추려낸 클로디 ##살로니키 ##idate 2449 2489 2992 3016 3174 6270 7060 BVPS ICON WNBA pump 가상훈련 계절상품 발리언트 부갑상선 오라일리 ##ughter Demon LPCVD 비트레이트 신교통수단 카무플라주 테살로니키 032500 ##기반 ##웬티 ##잔수 ##홀츠 Cz og 글록 길렌 덜커 물세 버세 보거 삼당 소테 속관 쉐퍼 앙크 워째 짚단 찐득 참꽃 춘기 탯에 테입 투란 현삼 ##노믹스 ##벌랜드 ##스트랩 ##asha ##oshi EPG PYL kfa toy 공화춘 김경동 김기병 김인후 김지숙 달변가 동학교 로드맨 박태근 야상곡 오수관 이순정 이승혁 인벤션 적군파 최동용 코사카 투믹스 트웬티 페트릭 피검자 할아비 헹가래 흥국사 2822 2823 4004 7410 7940 BIDV Bord FEMA KARA PADI Vall 기다려줄 세미프로 어쩔려구 얽매여서 예지미인 입도선매 중얼중얼 골드스타인 114090 201411 ##라민 ##뷔르 ##사니 Tc 감문 겔라 당우 두석 디옵 몽중 묘했 미씨 비새 비영 수클 쑥밭 오잉 왕필 중직 탈륨 ##eces CRV JDA LiB UCP nxc pcb twt 강펀치 과림동 그건데 길음역 더라만 동송읍 세르세 소사동 소시민 수험장 어이그 여서만 오길비 이몽학 이치요 조선혜 조여야 주사약 취수구 페이시 프레싱 합해야 홍난파 0360 Hood SXSW Vine edcf nand yeah 까발려야 레드필드 EUREX 부트스트랩 Packet Maxwell 아크릴로니트릴 rienriri ##윗감 검날 만봉 머위 쉬원 이쓰 적탄 준범 징치 체일 케아 쿨하 태랑 표토 ##저수지 ##anes BRE ZEX 개똥이 김경한 김상덕 끼여서 녹여낼 데니안 리잔수 마석역 병따개 사사기 생사고 서상목 소병철 손원일 숙영지 승계인 예뻐진 오민석 오브라 정혜진 조촌동 좌찬성 진혼곡 폰테인 필바라 하사품 ##andro 3063 3198 7860 PNAS lens mine 랴오닝성 모라비아 사브리나 세계만방 우긴다고 키웠으며 프레스콧 CITES rally 금천구청역 페트라르카 Doosan Tester smtown Missile Outdoor Thailand assembly products 퉈 ##꼬들 ##아주 ##KEN ##dit YJ 노추 대몽 독임 민동 범삼 불강 사봉 시림 에렉 윤구 자래 클랙 파실 평초 푸앵 ##배기역 ##호평역 ##ENTS ##opic ##wear evo 강형구 근대인 도림동 마리암 멘도사 명주실 무사비 미우스 미하루 민사법 민정기 박형중 분열상 불도장 빙하수 신생국 안강읍 에이리 유한식 이병관 인두겁 장경동 창천동 최희남 케랄라 하리보 ##역사문화 2446 2718 9110 GALA 관절센터 글레이브 대동맥류 문화광장 바주카포 시마바라 으려니까 차립니다 행주대교 장승배기역 평내호평역 ##Manager closed ##역사문화공원역 Offering Components 동대문역사문화공원역 ##간섭 ##디올 ##모카 ##뱅글 ##수준 ##이글 ##치지 계호 내젓 린디 린즈 방보 붙든 빼입 설재 속서 솔하 신개 실반 실청 얀스 얘야 장더 직토 쿠네 페샤 황령 흑곰 ##riev FAD FLT HCT INN LEI PIT Pyr TAX Wed ros 관철동 길로틴 나영희 내지른 다즐링 바르토 범퍼카 산해관 상이다 솟아날 역마살 원예학 유키치 이태종 임진록 통후추 틀린다 하루오 한범덕 한상률 한솔동 헤로데 현영철 홈오토 홍봉한 ##ouver 2543 2587 2804 2889 3205 NTSC Schl Suit dear lion 가질수록 깝죽거리 시라큐스 조피볼락 진핵생물 Obama thinq 증조할머니 트리엔날레 홈오토메이션 Booking evolution ##JP ##케나 ##튀르 ##416 ##BAT 게야 량기 루펜 모미 박권 변일 불낙 뷰러 삼하 악종 졸릴 타갈 태두 현마 ##olon Cyr PVA cng ᅲᅲᅮ 갈려구 광주만 김구현 김수창 꾸며야 단위체 도남동 동맹회 들러볼 명현관 박두진 부석면 사윗감 세워줄 아아악 에디스 옷로비 윤심덕 으아아 응고지 이정인 이치우 정상문 좌수사 착륙료 창의문 최대식 카리야 평촌역 허물없 헤스본 2669 2892 Hind MISS Shah 갖춰야만 그림엽서 시끄러움 아쉬워할 염화칼륨 인디자인 침엽수림 클레이즈 타갈로그 가벼워진다 들고일어나 친할아버지 ##ardship 026960 reaction ##견문 ##기로 간세 공아 교법 그들 꼬들 남목 류희 바두 반청 발르 살미 성죽 성혜 여만 죽비 진윈 치엔 친연 칼렌 케티 패부 팰콘 EXH Gym 구시가 권리증 김덕기 꼬부기 델리오 도현정 되가져 들킬까 띈다고 만수위 박복자 벨트란 산상봉 세르게 순임금 싸이렌 오산리 오진혁 이인자 이화경 춘향제 테킬라 티에르 파스토 한성주 흐린다 ##농업은행 0432 2839 2896 6003 7690 9170 Riot UNIX beer 개똥철학 계수나무 꼬들꼬들 덴마크인 뛰어나가 불법무기 속지주의 영원회귀 이상야릇 ##Object ##market ##olence Analy ##ocolate 203040 Gustav taking 중국농업은행 Patient Exploration Configuration manufacturing ##딜로 ##력증 ##hat ##uku ##ums 계경 난부 넓직 도총 디테 랑팡 반승 봉초 샬러 손철 송필 실피 써리 약계 연숙 율려 종병 치설 특발 후조 ##프라임 ##liam ADF ECW fao 교사죄 군용차 김동혁 김학현 뛰어온 리스톤 모이니 미러볼 박문서 배정자 부산동 서우진 세시봉 야당동 이승일 조각배 조스팽 질러도 최향남 코시모 홍재형 ##라이온스 ##istan 0077 2687 4035 7040 7210 9020 Bout 강변도로 덩굴식물 둥그스름 ##소셜그래프 BABIP 달려갑니다 시사매거진 포르투갈인 ##라이온스협회 Adidas packet Fitness Heating Knights 크리스마스이브 국제라이온스협회 객점 격군 관허 뉴뉴 방각 법황 뻥친 세친 않쓰 옳지 용흥 의뭉 임흥 조함 터준 확확 ##opus Kem PSY SOI 가교제 고백서 공략전 관전자 광둥어 권오상 김만흠 김빠진 김성모 깝치네 꼬리지 대치역 루사일 마두동 바셀린 삼간다 삼청각 송하윤 신경철 신숭겸 유태교 이기준 이식편 저리하 정윤희 정진웅 조명록 조봉현 치누크 통신국 폴리니 허용수 8260 8570 CMEF echo 거칩니다 그레나다 근무력증 꼬꾸라지 부대조건 이냐시오 인공조명 포도송이 ##friend ##onance ##untime Chlor Egina 클로로포름 Transl 꼬리지느러미 Musical 국민체육진흥기금 ##oelectronics Improvement ##노루 ##마주 ##아게 ##애비 ##염기 ##akk TZ qs 관물 그노 금분 꼬야 루간 못허 복압 상갈 심시 알천 영목 일계 정북 준들 창경 철암 청유 케른 테살 편철 하몬 ##ytes ntt 거창읍 광양자 규격품 기관수 김명섭 김상문 동남풍 뒤트임 땀구멍 버스표 쁘라윳 송두율 수평면 시공법 안효대 에포크 역사극 이선빈 재교부 전차병 조립품 팔아묵 푸세요 하루노 ##mable 0146 2608 2918 3074 3415 6730 6830 BAND IMEI MBUX json 가져와도 국제상사 아웃코스 완행열차 이글이글 펠리시티 풀어헤친 Oscar 보르네오섬 Accept summit website ##남아 ##블런 ##하쿠 과문 구옥 권설 남바 내남 매식 매어 몽클 발러 비백 성음 수결 역체 작량 장농 재격 잰다 차귀 천복 치포 칸칸 피들 협시 ##봤으나 ##지구력 ATO NCP QAM QIB fut 결정법 경포호 계산부 날벌레 녹즙기 다다시 다우너 라자르 메수트 상기도 상백피 생합성 아키에 여인홍 온습도 읊조렸 이민족 이은애 전위차 조항조 체이싱 최인석 추일승 클루스 탄생석 테이텀 합계표 합네다 혼천의 홍영식 후려갈 2509 3875 9380 Hulu Rack diss lady 거쳤으나 근지구력 는다던지 살아갈까 아뢰야식 프레즌스 Notes 프레지덴셜 ##ometric Tunnel export 태원엔터테인먼트 Lifestyle ##HU ##hf ##머슴 ##요절 ##위임 ##the ᅥᄅ 니비 물골 반분 보메 보측 뺨칠 사거 서벌 세거 싸하 씁슬 운초 유베 조밥 존함 준걸 처니 쿨톤 토주 파선 ##브레이 ##포스트 DWS PaX RMA 간다만 개오지 김달진 김형규 다공질 단당류 대잖아 동그래 디카르 막혀도 바이르 방배역 봄직한 성기홍 소라게 에치젠 옥계면 용케도 이강수 이경석 이병화 이시오 장서각 장의비 정종복 족쳐서 키아나 타밀어 파도바 후타로 2556 3022 3286 3829 4212 ADVA ARKK JUST NCIS 넘어뜨렸 멘셰비키 소성가공 해서일까 FCBGA Spain lives 발렌슈타인 커패시턴스 폴리펩티드 Issues Peters formed revision ##릿집 ##의전 ZB 거마 관액 교코 놀런 능기 돈이 들레 먹지 송실 수편 식혔 야츠 영초 유운 윤만 중철 코안 페하 프렘 혼세 ##체요절 DBM jay 개화당 공동지 괴안동 들어냈 뚝섬역 라이키 모아나 발송자 베블런 손정완 오버홀 이내일 이연주 최광일 퍼니스 표주박 형사범 회복실 2977 3152 3786 4351 공익신탁 맞출려고 뱅글뱅글 법조윤리 였을지도 울포위츠 일컬으며 Ryzen queen stick 아스파라긴 여의나루역 ##acional ##ruption 071840 078520 Lights 성우종합건설 직지심체요절 AutoCAD ##YK ##니딘 ##상륙 ##수로 ##지드 ##총각 ##플롭 ##Mon ##dal ry zh 국극 널판 듀드 마엘 만산 선병 아점 야쓰 언관 예각 용환 우계 윤평 을게 자케 종질 참인 킹핀 하편 ##교육자 Ons VBN sdk 겐타로 권리세 김철환 김형곤 끼워야 노망들 라시나 불경죄 삼양동 셰이커 수정과 여봐라 요릿집 원운동 유소영 육성회 윤세아 윤진우 이동륜 이양기 총각네 침착성 2882 3399 3575 myst 되물으며 백포도주 유지용수 케이스타 플립플롭 항염증제 구티에레스 하일라이트 Delphi ##깜빡 ##물렁 ##번지 건딜 대죽 땡길 만슈 말석 무야 색각 안의 엄영 왕평 큘레 KVM QQE VEN Zar 라레스 라르손 맞이방 모의전 물어봄 박재환 복사지 양구읍 오수진 웅크려 유리체 장한나 전형필 짐머만 편도염 평원군 포도즙 ##OLOGY ##dream 3094 3162 3495 6290 Abra 다게스탄 동대문역 머니위크 머뭇거림 모의시험 불어닥쳤 영양물질 올메르트 우키요에 즐거워요 카나가와 포장용지 프랑수와 프로연맹 ##castle KERIS 메가헤르츠 컴비네이션 broadcast Optimization architecture ##가는 ##귀비 ##다로 ##롯불 ##만세 ##피그 개짱 건등 덧문 딸림 메단 면구 뭘해 반남 손쓰 우뭇 조혜 창궁 푸엔 해링 ##appa ##ilus Dee IMK WFC alk cso 강경준 무뎌졌 박상하 박재천 백준기 아르네 오연수 용병대 이광우 이춘근 작전동 정명원 정정길 졸라대 진동기 타동사 통학권 트루디 헌강왕 화학계 2663 2806 2808 2834 2846 3218 4999 7180 8790 Ardu TOPC 니진스키 달린다고 만고불변 물렁물렁 서보모터 이구아수 피교육자 Cohen Nipun Plane 알려준다는 Metals coding INTERNA ##에틸 공투 래주 보데 비독 용보 원후 육구 천현 초하 퍼그 폐문 핑커 핸리 회간 ##iman ACN HAP Hus aer gym ped 강구항 건들여 김세호 누마루 대학인 더랬다 민병철 불로동 빠른지 생활체 스큐어 신인규 아구스 아델만 야간전 오비라 유기업 이가은 이정일 정유석 투덜댔 풀어쓰 2671 2864 2958 3023 3087 6530 elle 가가와현 기니피그 둥지냉면 실버라도 쓰였으나 아이자와 카르복시 카페모카 페리시치 해합니다 새한미디어 윈디소프트 Atomic chanel Balanced Philadelphia ##게야 ##광전 ##발로 ##참여 강활 거산 그미 난정 물매 반잠 백시 서덕 승두 쓱싹 연목 열통 오면 져온 총고 ##상륙함 ##itln Bis CPX LST PHR pas 고단샤 김병익 김순영 김용상 노자키 루이제 명재상 물갈퀴 미티어 배수아 불입금 살구꽃 상의원 서혜진 아크라 에르제 유호진 폰세카 현영희 흘러든 ##지느러미 2994 3221 8210 9330 MHRA Wash 맞춰야지 반잠수정 안타레스 야마시로 유이치로 자결주의 호남고속 Boots Lilly matic Oscill Struct ##ensation children ##bd ᅳᄉ 강면 귀전 대티 등의 라신 문력 손건 송운 송홍 습독 시므 실자 싱잉 약목 오팔 익년 일처 재준 천홍 키에 판돌 패만 펄서 ##라크르 ##sted IEO Rip 강유식 고자세 김나연 남현동 대백과 둬야지 메이코 묘자리 무관심 반다인 반사면 브레머 서기석 서지영 소방복 영산재 임재철 조산원 코바치 타케오 탈려고 허황되 2734 2754 2937 2964 3345 9430 LOCZ SRPG tact 그리워할 길흉화복 나갔으니 미야자토 사이클로 어겼으면 EXPER Panda 고려대장경 일어납시다 Israel Norman Kenneth license officer ELECTRIC Ubiquitous ##복달 pu 담벽 명증 반천 불휘 뽀글 새물 석창 순가 실문 액표 옥저 요성 제술 짚이 째째 쯔쯧 카알 한날 향린 환보 후숙 ##마이어 ##9480 ##asso Gee Pte QUA SDV TPI Tyl fox 고전파 그리프 김영중 김윤덕 대곶면 로운지 매시브 박은선 성형품 셰어스 송소희 시어러 신동헌 실텐데 아라동 안동호 억새풀 에후드 오를리 원뿔형 이건명 이덕선 정준길 짓누를 철통같 추첨권 통돼지 팔려도 프루티 한순간 허재호 호화판 황인철 2685 2801 2836 3159 3869 Bast HOSI Sole 때린다는 생사고락 숯불갈비 에스프리 인민주의 헤쳐모여 Bread Stell blank 부드러워서 points vendor failure ##TU ##닫기 ##모네 ##세인 ##티엔 괴마 구랍 귀근 귀암 기센 덕현 매디 뻐꾹 산달 쓰키 월상 으쇼 은설 이칭 장규 젬병 찻물 출책 ##문화원 ##arde Abu HCl PNP Pie hap ᅳ조국 고현항 김신회 나자렛 넥라인 동맹자 라라라 문드러 부쳐라 사바스 산철쭉 생상스 서춘수 솔라라 쉬운지 심리극 안우진 오진우 우만동 육해군 장송곡 전재국 칩니까 타카타 하동읍 ##elled ##istar 2991 3396 3485 6760 8660 CJEN Jenn META NULL 끓어올랐 보스워스 브리지트 자동인형 프라우다 Lines 무지개다리 이시카와현 ##borough 진보네트워크 regular ##도가 ##볼록 ##펭귄 ##퓨타 ##idt 객가 교소 깃드 누상 당업 둔지 련비 반백 백린 불국 비텐 악정 요보 유웅 채민 초탈 포락 혜은 ##복숭아 ##주나무 ##OCOM ##dorf BMK Els Tac Vil 가즈야 김새롬 마방진 문성유 박달동 손대기 시베이 여과수 요리왕 유수풀 이명세 재블린 중국주 캐리지 콩닥콩 키요미 한기정 허준혁 홍종길 훔친다 ##ourse 0405 2784 2938 6538 Span 나갈수록 라비올리 루시드폴 번드르르 비쌀수록 안달복달 오목천동 이시구로 전기영동 ##erance ##terest 아마조네스 하이퍼마켓 Combin 자유방임주의 Endless cheerup feeling Nicholas ##고치 ##네어 ##아란 ##적격 ##122 고숙 내켜 때운 뭉텅 백소 샤넌 설조 섬망 쎄리 악비 은기 임문 질적 츠와 튜닉 허찬 ##내버럴 ##트로프 ##ismo tcs 감전사 김무연 김윤상 남겨줄 남편감 농성동 보강제 비운다 사재혁 성문재 소원인 속여도 아파왔 양봉업 요임금 정순원 조치훈 족발이 중시조 찔러준 최정아 한기호 7430 8140 8270 간접강제 게슴츠레 들여와야 따져봐야 뛰어다닌 메르시에 요한네스 원수보험 ##retion 기다려야지 울산광역시장 Stories ##뜨르 ##쉴리 ##지나 ##해할 ##PIN 개찬 걸때 만디 사능 삼향 손은 수절 온고 왕골 원오 질렌 출방 태허 퉁겨 풍란 황초 PAX SWA 가쿠인 고윤환 권덕진 김명순 김영모 다이요 라퓨타 만장굴 박경호 박광래 사립문 삼성점 안자이 육박전 잠수선 정상치 천지간 총본부 파치노 2778 2865 3044 3132 4025 5003 8540 9880 GTEP KTOA gsma norm 도움닫기 보일까봐 부러워요 불러낸다 승부치기 시들시들 시켰잖아 일급비밀 쫓아낸다 ##dpoint Barth Costa KOSHA 아리아드네 administ Incentive institution ##렵혀 ##안장 ##율은 ##FAC ##Med 개골 까레 라콜 로닌 리켄 마놀 묵계 미채 불럿 실역 쓸어 아간 용용 임리 잡과 잡비 찬수 특필 펑산 ##olid KOI RTK WPM 강영훈 경대승 김미리 김상도 김지성 꽃매미 다카다 덤벼도 매슬로 박봉규 빨래판 뿜어낼 소총탄 언월도 요사노 우스이 유리보 이도형 이희승 자족성 주운항 지정가 캣우먼 코세이 펠리니 포르타 행담도 2915 7240 7970 Glyc Gren IIoT 공교육비 나으니까 모를까요 쁘레베베 아로와나 이사야서 인디텍스 쫓아와서 태극전사 게르마니아 우뭇가사리 ##끼는 ##날도 ##닥터 ##릿빠 ##멀미 거간 나해 내대 뉴섬 미와 벙글 선류 심구 염습 자게 전풍 질수 청리 켄리 타용 탁과 팔츠 ##릿빠릿 Adm AfD Bea HDS RRP bim 걸쳐진 고속함 교하읍 길라드 김덕현 김호남 나보이 누리로 대릉원 더렵혀 마우로 문보경 문정현 반발력 번스틴 샤이엔 아귀찜 여름내 왕버들 으리요 이인구 조은정 증산동 ##라크루아 ##cycle ##rants 2833 2842 2901 3665 3725 8060 AVGN Reyn SIZE feet 베케이션 불그스름 빠릿빠릿 싸웁시다 에렉투스 위더스푼 절대절명 지워진다 진시황제 ##abling Klein Lucas Pablo equal 쁘띠프랑스 승합자동차 Hearts copper 피스토리우스 Mapping ##argaining Forecast Placement Disclosure ##보수 ##왜구 ##토가 ##bet 나반 대윤 독군 드드 리틱 불날 상덕 상령 색즉 선농 쌍극 왈라 이작 항종 회국 ##새끼들 ##apse DDD RIR TCI TTP 강석우 김장원 김해림 꺼림직 디코프 박성배 받친다 백운찬 별론데 사잇길 스웨거 예보도 원이삭 윤중로 이문환 이봉규 인정제 잘려진 조홍래 지에이 최은경 태화동 하재근 헤이먼 ##ateau 3075 7230 광디스크 색즉시공 우당탕탕 ##imilar 26262 pilot 030210 한국농구연맹 CalPERS Cracker Fungible Consultant ##삼석 ##350 Og 견식 계행 극존 네에 다꼬 닦인 루만 범조 보력 살핌 수토 쉐인 알단 어프 엽병 영휘 외석 우적 이융 최방 추할 컨디 코고 킨키 특회 회족 ##랩니다 ##사코프 ##udge IAI IEF Lit Vor WSA 권세창 리아노 모나드 박세준 블랑쉬 외부망 원창동 이계문 이영기 이준우 정여창 조억동 지차수 진술문 최인영 출세작 카르도 평내동 2604 3318 Fame Niel Poss 가라아게 기획회의 늘렸으나 발디리스 보호안경 알킬벤젠 콩닥콩닥 ##avirus SOLAC Sever 가면무도회 누그러뜨렸 들라크루아 떠오른다고 살아난다면 bubble deposit 쁨 ##관례 ##녹음 ##니코 ##저울 ##준경 ##처대 ##var wn 날수 떻게 멍이 면유 몽구 부챗 살진 성긴 수패 알통 염부 인옥 재흥 직쇄 카서 케비 크놀 편측 평회 현웅 현임 호물 회연 ##스코어 ##enth ##inth DRB Gob 권영국 눈구름 대조동 마우저 미스타 박진선 박학규 반란죄 변기수 비앙코 스펜스 앙굴렘 양웅철 여서가 연기설 오려서 이용만 장가들 접시꽃 지시문 코스틸 한밤중 홍성담 ##frame ##plane 2761 2898 3202 4575 5127 CGMP Fest Swed corp 사그라졌 서성거렸 시건방지 염화비닐 오스카르 이이제이 후들거리 ##bourne ##ponent KRISS optim kykwan 영등포시장역 Between Commons alcohol ##팡스 ##EON ##izi 계압 규환 도음 말본 모츠 몬시 보과 비암 악폐 억조 인묵 전별 짤르 페다 편물 홍농 ##니샤드 ##pler CFT KDA Ont emc jar 강진규 강혜원 고다드 구산면 김혜순 꽃피워 대거리 득점권 라만차 맞혀야 물려도 밀려든 브루나 사라사 외자식 이영한 이종산 이종섭 최기문 코지로 탱크톱 파묻혔 핀다고 하이더 황선봉 2861 2932 2955 3254 3335 3805 검독수리 떠나간다 라데팡스 붙입니다 브로이어 시오니즘 아흐메트 우즈마키 ##라인베스트 SUPEX 우파니샤드 161890 Saipem killer ##라인베스트팔렌 oriented 브라운아이드소울 노르트라인베스트팔렌 쨌 ##랜턴 ##상지 ##시르 ##종금 ##치고 ##폰테 ##협약 ##INS ay ᅥᄂ 가울 갈도 교연 구채 무씨 봄베 선모 성청 셀림 시던 오빌 위컴 창날 템프 하해 혜가 활선 ##릅시다 ##마우스 ##IBOR ##onne Nit Rus 갤리온 관광차 권기섭 김종화 김혁민 나눠요 등잔불 라이엔 마립간 말모이 메도우 박종국 범어역 부발읍 섬유판 손창민 스콜스 스테핑 아서야 요령껏 월곶면 이도현 이리아 정재희 조동일 파뿌리 풀릴까 회덮밥 0149 2723 2749 2899 3057 3155 3248 3294 3576 8480 8510 BMPS 가슴둘레 국제관례 기말시험 누렸으면 방범대원 스테아린 스튜던트 쫒아다니 Fever PDVSA 올리베이라 ##ependence ##기병 ##말벌 ##반죽 ##스기 ##흘림 ##OSH fu 가류 강후 능묘 담호 동변 득녀 등쌀 루딘 마춰 문심 봉계 식적 위난 위소 유애 풍격 ##틀라나 FHA FUT HBV jih 강대웅 고색동 공급계 구라파 노동요 마조리 맥코믹 맹정호 분사구 상관습 아피아 안개꽃 애기야 에니스 엘비라 여행용 영산홍 용문역 웨스터 유도로 이경애 이정빈 장갑판 장암동 전선로 전승국 정민수 제재소 제주전 조경용 조선만 진승현 챙겨요 ##artis ##state 3021 9040 Gonz Kant luck 덜렁거리 마사토시 사쿠라코 서프랑크 중앙난방 CJENM Diary 곁들여진다 살아간다고 오호츠크해 태어난다고 006120 035900 muscle samsara Projects ##oL ##게다 ##새치 ##성분 ##탱천 ##121 yn 가닿 거요 광민 극과 다조 두사 르느 뭉이 민계 움터 저대 캉드 탈탄 페메 활착 ##까마귀 ##넥타이 ##세이유 ##alco EYE OLX POI Pse gio 구분지 리영호 마이에 본따서 사진학 샤를로 손성원 신정숙 엠네스 여기사 요렌테 유채영 이설주 이소정 이용마 이종희 임정우 장녹수 정관사 정영철 정은영 카르네 트로우 한현민 항정살 화계사 ##orpor ##otide 0123 2941 8460 furn 던져버린 마파두부 메트로놈 모모타로 본다거나 분기탱천 사회지표 스웨덴인 알레그로 임프레션 전기난로 카라바흐 71224 Audit 마르세이유 바스락거리 ##erating ebitda jaelee plastic Recognition ##네까 ##노코 ##니얼 ᅳᄋ 군율 귀혼 깨놓 농이 님의 복전 부절 요노 융모 중로 통분 트룰 퍼밀 포충 현군 환의 Suk 개조론 김승주 김연정 김지만 따르릉 뚜들겨 러닝백 미셰우 배당체 복합관 부반장 비단털 비준서 수혈로 쓰일지 아닌겨 안상희 압축비 예상량 자전차 정양석 정창선 지켜갈 최용호 포천군 2779 3042 3126 3224 3281 3454 3465 9970 Caps Para SJSJ hook spac surv 다칠까봐 마우리아 물놀이터 부정기선 차이니스 태워버렸 할지어다 후지사키 Olive hours piece 돌연변이원 불러온다는 031430 Monkey 주주자본주의 Parking SOLACTIVE ##디좁 ##삐죽 ##왕사 Oi 군막 남학 단데 돋을 따려 마망 버피 병결 보말 봄옷 상활 생목 서범 숙기 아효 염자 일통 제씨 충민 코번 쾌걸 파체 폰즈 필법 행건 ##미지옥 ##쇼스키 Dir GEC Gwh LLP NOI OMC tcl 강면욱 권민호 김선민 다대동 동백림 로잘리 만진다 말포이 매서워 반중력 부챗살 서영훈 설처대 송신탑 스네어 오레스 응암역 이기철 이범영 이철휘 작사자 조릿대 좁디좁 주우식 취수량 텔루스 토막글 토종벌 티푸스 팽창기 2829 2968 3266 3312 3432 3798 6970 8810 Pueb mist 계급주의 마산합포 베네룩스 삐죽삐죽 숙련노동 Bixby IOSCO could 시뮬라크르 degree Parallel ##강개 ##위마 ##IMS 결경 까들 누메 된들 망칙 무초 민한 복단 봉공 북편 임검 직명 태시 페피 허엽 화청 화화 흉금 ##집모기 ##타이지 ##etto ##udad IGN Kaw cms fib 계집종 곽재선 김홍태 도끼질 민족어 바그람 비브라 삐까리 사상역 서구화 스텀프 신문업 안유진 암트랙 연제품 위경련 유전율 이완규 체코인 포석정 2621 2676 2862 2867 2954 3088 3141 3196 3358 4265 6510 DApp lamb ᄐᄐᄏᄏ 가와카미 개미지옥 드셨으면 디마지오 불안해할 비리비리 영업장소 품종개량 Angle 그린하우스 세르비아어 Broken Guarantee Represent Dictionary ##그르 ##썰매 ##컬러 ##EAL ##eti 권번 끌릴 두물 목리 무논 봉시 빈탄 셍차 쓰쓰 아한 연창 영방 요화 우단 죽장 토장 통단 폴렌 하서 향숙 ##alon ##jing SCS bib 가죽옷 검지기 규조토 김동춘 김용재 내리친 내인성 다이지 돌가루 매몰자 바르카 박영빈 박정철 벌일지 상급생 세이블 손은정 유영숙 유창선 이진법 인과성 정교선 촐랑이 총사령 타다오 허무감 훑어본 휴가객 ##ilion 2576 2624 2809 3507 9740 EAEU cant 는다더라 달려나가 무명용사 배수갑문 비단털쥐 비분강개 싸웠으며 어울려야 주권주의 지록위마 지중해성 헤엄쳐서 Gamma Wuhan bench chrom 태어난다면 018880 CentOS NORMAL Sainte Ticket Victory haezung housing Surgical extended Frederick ##HM 뀔 ##국전 ##마네 ##인천 닙에 만언 밀영 밍키 박산 썰리 여법 윤충 주생 큰곰 ##버서리 ##love FLC GSC RIC UML UTP gah jew plc 거러지 교동도 구지회 굶주렸 김기봉 김종신 김중원 남관표 는디요 다닐지 숙직실 앤리스 오나가 오이지 옮겨다 유영선 일중독 자연림 정영재 조재민 차주혁 해볼래 0301 3121 4475 7170 Digi HEAD KDDX Minh 괴롭혀온 매니토바 신사협정 찾아와도 프로슈토 Magna 나비넥타이 들어준다는 바르바로사 아르마딜로 애니버서리 ##PERFORM ##onymous Claude Manuel Seller inform Ceramic ChiNext binding XenMobile ##QA ##광원 ##소방 ##오제 ##큼직 ##펠린 ##헌수 가각 뇌증 담헌 마멸 머빈 봉아 사검 서항 석국 어탕 온단 차밍 창파 탈상 표재 하날 해니 향진 혜윤 환세 훈정 ##염소산 ##orie ##quar Bic IMP JOL NWA luc 기대앉 김상혁 김인만 김철하 넋빠진 대전선 돌조각 득량만 망국병 박대기 박상수 보통강 새롬동 소부대 아파야 안창살 양기탁 이월액 이자크 통합군 황비홍 ##기반공사 2574 3064 3096 3295 4455 Brix IOER KTBF 간다거나 된다든가 부끄부끄 브리스틀 살립니다 아벨리노 알려져야 워쇼스키 원내정당 자가운전 pivot 프라임그룹 농업기반공사 마그네사이트 희망근로사업 Missing Tactical Democracy Molecular Globalization ##RAD ##RGB ##jak 부오 빅쇼 삼판 쇠뿔 엇지 여용 올록 왕통 은공 은별 의건 재크 주북 찝쩍 통팥 페테 황리 ##드려서 KCD TUF Wnt ZUN jgi 가창면 갯녹음 경어법 경찰권 김은갑 김준범 돌려본 드롭킥 들릴까 레이쇼 맡겨둘 면제품 몰라야 박찬일 분견대 블랙캣 서남서 선천적 성기종 시대사 약장사 우러르 월영동 위함인 이상군 인두세 작살난 장동우 전하량 찮가지 청진시 최인기 최충경 터보팬 한정우 ##ichte 2786 2997 3105 3108 3134 axis 골로새서 되새겨볼 둘러싸였 라이더즈 수군거렸 실리주의 약소국가 올려치기 우물거리 처한다는 출신성분 쿠르투아 큼직큼직 트래퍼드 프리스톤 피지배층 Admin CITIC Fargo 씨부렁거리 의회조사국 일그러뜨리 평양직할시 Foster Weapon brexit Regular Domestic Minister 뉴사우스웨일스주 Cathedral ##갈치 ##마춤 ##Now ##Red Ds 깅을 란초 믈라 베포 섰었 얄라 장요 침장 테카 핀지 흉강 ##낸다면 ##ilon ##tera ##ushi AAV DMX PSU RAD SNC fol 간땡이 강상원 강원국 개다리 곽금주 그러구 길러냈 노준형 돌무덤 로구먼 밀리카 박근홍 박혜자 벗긴다 서북서 안정복 요아킴 윤정환 이용식 임동호 임수길 정호진 주민규 중공사 쥬디스 코엘료 탑승교 프탈산 핀수영 ##atrix 0057 0247 2699 2919 2921 3106 3199 3498 3696 4425 ANTA Alto catl 가족호텔 내던져진 메흐메트 샤를리즈 슬쩍슬쩍 안성마춤 플루언스 크리스텐슨 Exynos Timing sexual Houston downstream ##기행 ##닌룩 ##러브 ##세금 노랜 노했 대층 더럭 등품 럼주 보러 비궁 으오 종물 체강 ##들이다 Aub FDM WAF 간부전 고영한 남기일 놀랐었 농어가 놨더라 담뱃재 무더워 박종면 변희봉 부셔서 부제목 상다리 세리스 수술복 심성훈 아니카 역작용 웅천동 원지동 이정주 정미영 정희원 조사회 줄망정 지로나 파생어 페예노 하시노 2787 3138 GITA 가까운지 삼황오제 서소문동 아리아인 어머님께 키타무라 페미닌룩 ##iteria react 들어갈려고 목동야구장 알리탈리아 Powder 서울대학병원 DIGITAL kitchen Charlotte ##섹션 ##테어 ##MAR ##dia 계미 단애 로맹 로엘 망망 모당 목호 발겨 옥영 적일 전족 채터 톰캣 향화 허증 헬가 화간 ##공동체 ##ESIS ##HING Cox KIP SSN gis sas 감춰둔 걸어올 고성읍 도리깨 서왕모 성토장 수원천 옥인동 장필순 적출술 주엽역 폐가스 플래츠 하동균 2544 2768 3037 3505 7228 9520 9570 Fron GIFT LIKE 레드메인 블랙모어 설파이드 송두리채 야마사키 홍타이지 const 골드슈미트 스베틀라나 ##enstein ##냐고 ##존슨 ᄋ은 다코 등외 루케 분활 삭기 생즙 슈페 오끼 인항 편면 홀러 흉막 ##학교육 ##iane ##omas ##onal DOA EAI ECJ GCP QLC TDR btj btv tpc 거사가 계고장 관상가 금정동 금팔찌 김부장 김일손 김진하 날라다 남덕우 노동량 드니로 로비라 마일로 박제상 병점동 스팬션 슬레지 우겨야 이누이 이정욱 장석영 조오섭 창경원 척준경 탈렌트 통영항 평리동 포이어 황간면 ##회담본부 ##ermat 2623 2856 2962 4333 8070 8501 goal 가니에르 귀무가설 기숙사생 다카야마 디오클레 비송사건 서초대로 종신토록 준다든가 프롬프터 24000 BUSAN Wayne 격렬비열도 페예노르트 ##itarian Akamai Coding luxury 남북회담본부 디오클레티아누스 Biotechnology ##센션 ##dex 내핍 네메 누액 덕명 디츠 류연 복명 북국 실즈 써줘 액땜 우차 자셨 탈일 툴즈 페간 페잔 폐현 허광 헤미 환신 ##네리페 ##협의회 ##4960 ##HAGO ECG ICN IPU KSV dlc loT 가셔도 강태욱 공중합 광열비 권혁주 김아영 김연희 김희갑 댄다면 럴파크 마법부 만력제 맞교대 몰이꾼 박차훈 비워서 샤오홍 신장염 이대현 이방호 정연대 조정현 타나베 페이션 포카라 ##통제센터 2793 3053 3054 3423 8490 KATA LEGO 공학교육 깝치다가 꾸민다는 다녔으나 바빠진다 성취동기 이즈하라 카드섹션 타향살이 테네리페 Woods dahee 갸우뚱거리 미도리카와 BATTLE Genome 공학교육인증 질병통제센터 Innolux forming Greatest ##놈이 ##시켜 ##언군 ##홧발 mB 군통 노닥 로기 망량 목석 선등 센조 신센 쌀떡 양물 우해 월복 위프 응소 인학 잡문 점발 지슬 지웅 흔이 ##헤이븐 HON TIA bcm cla ndf nss pup 각도기 고고도 곱빼기 공회당 구겨졌 군홧발 권순원 김상국 김영은 다래끼 다이궁 대부대 댄스홀 돌도끼 레츠고 루도비 박광식 변형체 사용주 서병문 연인산 오도리 왕리쥔 유장희 임창열 정기영 칠지도 파더스 플로렌 핍니다 하준영 ##ockey ##omcat ##store 0179 2952 3143 3332 3368 3655 3755 6002 8920 OSCE Pall 누렸으나 덧붙여진 문젯거리 뽑혔으며 스러우나 스타이너 신센구미 실뱀장어 알코올성 연구노트 헉헉거리 확률변수 20120 Adren COVAX Omega TOWER books 리얼리스트 몰아붙인다 찾아갔으나 ##acillus 079550 Hallow received 밌 ##글란 ##보니 ##BOT ##owa 각석 길지 내천 돈쓰 루티 리쿡 맺음 백곡 버찌 복과 분타 뽀샵 선마 숫기 완경 임중 팔용 ##모자반 ##ibus ##yong CoE GTB HUS NMS ipa mds 견문록 관평동 구급함 구월산 김선정 김예진 김종회 김충재 리하이 문학산 박윤선 방사기 법랑질 불참자 솔향기 송병철 시소코 안겨서 여유증 염화물 영축산 이지성 일번지 장수인 전주역 정관주 정창화 최종목 칠까봐 크로이 풍산역 합격권 2583 2593 2739 2841 3173 7960 HCDS Mens 가로질렀 맞선다는 수그러드 향한다는 MODEL 미스테리오 생겨난다는 캄브리아기 레트로바이러스 Assurance Revisions ##fu ##TCA 권아 냉국 백트 속정 앙약 야징 양차 오음 왁자 유법 육친 차병 청공 카너 평주 플젠 후곡 LAP lev 나눠질 나올걸 날라왔 당인리 도지원 성지현 스티펠 시오네 신시대 오수연 유치진 은언군 이동윤 이병모 일심회 입찰액 정다은 조준웅 주요소 프라인 할부이 해줄래 ##추어리즘 ##assis 2548 2639 2817 2879 4043 9280 BANG CFLP Khal WVGA duty rfid 그노시스 데미소다 몰리에르 설마하니 아이치현 연재소설 오너먼트 KIMES 가문비나무 민주국민당 성모마리아 세트리스트 108670 Arnold Herman Sample 아마추어리즘 Coating Jeffrey Printed Reflect Underwr Discover signature partnership ##년들 ##문들 ##111 ##uxi YD 관국 방효 법지 성옥 승과 양운 에결 첸토 카쇼 켐온 토문 피맥 ##부일체 ##스테인 ##lets ##mare CJD FGF MGO UIC VAS bee gni std 결과표 괴소문 김창옥 김학진 내비칠 니즈니 명과학 배부름 벨리니 살거리 세미텍 쇼크사 식화부 양지면 어센션 연무대 운반업 유민봉 이응준 이인실 자기주 자일스 정진택 진회색 최병일 합죽이 홍미영 효성동 후닥닥 흥덕왕 2831 3247 3289 7620 Clip Kixx TAKE Vice belt 개뼈다귀 깨달으며 네스토르 딱지치기 망설인다 망친다고 문드러져 ##accine Brush KIMST shine token 깝치지말고 다스린다는 Rafael Techno galaxy voting Legends Leisure drawing testing Softbank BlackRock Wonderful migration ##Fn ##노라 ##대면 ##숙녀 ##신왕 ##졌네 ##헌장 강득 곡리 남월 납자 더월 떠졌 뤼터 류민 무남 별감 병거 보렐 스람 악타 안갑 오렐 우섭 인엽 증득 처첩 초례 탁기 푸토 피톨 훤한 ##델파이 ##디오스 ##chin ##orem BRI KAN aeo 게이브 교의학 국가법 굴러서 김유식 노동관 눈자위 뉘우쳐 당한게 바라트 박영범 베릴륨 브리치 소변보 예병태 왈라비 윤희웅 이교수 이수인 이은태 조산아 최희준 토니오 하얘지 허리뼈 2792 3185 3195 8740 Shaw alex buck 놀림거리 발리스타 블랙커피 알려줄까 오리나무 요시토모 우측통행 잉여가치 KOCCA Venus wavve 넘어선다면 벌어진다고 보니파시오 한국델파이 204320 Browser council ##yi 춧 ##공양 ##납입 ##등산 ##조에 ##쿠야 가그 거운 다논 리예 본더 빠삐 숙아 연데 우축 타닥 탤크 팔관 품달 핀홀 하철 ##아지에 TRC TVS rpc 갯마을 구슬프 기고자 김선화 끓여야 도함수 로우지 모덴군 미키오 박종구 비기너 사소설 스웨인 연결로 우미관 이숙희 이학교 재훈련 지영조 최창희 0907 2698 2702 2741 2751 2797 2854 2972 3275 3532 9210 9420 PATH 나뉜다고 산동반도 왈라키아 풍지박산 Stern intro 메르카토르 스카이웨이 유성온천역 잉카인터넷 초조대장경 median 돌아다닌다는 플루타르코스 Lecture Robotic parallel Exclusive ##Ro ##레종 ##장단 ##하차 ##lys 계춘 공음 구데 귀래 롤로 뤄양 린아 모원 무친 미몽 민즈 반룡 밤부 베갯 설부 승엽 안우 에끼 유겸 잖수 재근 증관 진개 체할 페아 형남 ##ebra EOD ISR OSD Wei kor 강성호 게자리 공보험 구겨져 김병학 나쓰메 녹나무 데몬즈 마하셔 메틸화 박원숙 사원수 서영주 수동면 수양제 오산역 와카나 우다이 이종규 이현일 주월동 최홍석 파라드 한만호 ##elles 2714 2976 3026 3148 3288 3316 3366 6642 6810 7630 MSFT benz 가장납입 궁수자리 독서치료 보라매역 샬러츠빌 이자나기 줄일려고 쿠레나이 클로비스 타바레스 패대기치 혼외정사 ##presso 45000 minor worker Arduino Medicare copyright ##데바 ##트림 ##피난 날실 모론 므론 벤앤 소창 송찬 시헌 역이 조갯 진적 짱아 창전 콘리 학용 황찬 흉갑 ##드라실 ##어슬렁 ##Disk ##bage ##choi RWA Rid 고따위 고르디 공병단 김병권 김유빈 김창훈 날라와 되밀리 뗄레야 모세포 박진석 발행처 배성진 백운면 변경백 불갑사 비봉면 사이닝 세라핀 슈바벤 오버킬 오승택 왕재산 요요기 우승기 이시마 임헌영 전차전 정동길 정지윤 촌뜨기 치료소 치사토 카디르 캔디팡 폐사율 하이주 한약방 햄프셔 황인홍 3091 3455 3642 4011 Berk GGUL visa 거친다는 결혼사진 공주시장 교통사업 남사당패 몬태나주 벤앤제리 부러져서 속씨식물 쏟아져서 에밀레종 용솟음치 칭얼거리 ELISA Maple 034120 Eugene 어슬렁어슬렁 Dancing Mystery authent Friendly cognitive ##리션 ##설정 ##언뜻 ##재비 ##쪽나 ##캔디 ##튀튀 ##CAL ##coa 각전 경략 계설 굿럭 급당 되판 라린 멜키 브램 색재 유게 쟁단 전토 파롤 흙빛 ##레예프 AEP IFM MMD Ran TDX TRU sed wRC 거라고 곡교천 날라야 두쪽나 리그닌 문인석 박해준 병마사 사요코 섀끼들 신의진 아크메 안길호 오마니 이명준 이용승 이인직 이채연 임진란 커질지 쿵쾅대 ##etric 2871 CCMS CIBC SING jong 거무튀튀 노테이션 농지개량 빌레펠트 세리자와 아셨으면 언뜻언뜻 엑스파일 요조숙녀 이끈다고 정신과학 merit 가르쳤으며 라부아지에 위그드라실 ##ilation Leather funding Elements transaction ##그렇 ##망태 ##전술 ##TEC 갈걸 격도 공배 네째 덤태 도무 두억 려수 면의 박가 배창 서노 송서 실량 양삼 영강 유잉 일죄 자새 저릴 제항 채승 천의 칼루 하공 ##다면서 ##현실성 ACG Sta TPL nlp 가시연 대선거 떠나왔 마이스 모르몬 바꿔요 박홍배 베르티 블랙펄 비워져 선동대 선동성 식혀서 아바돈 아인데 어울러 와룡산 울프강 이노키 이종윤 이창기 장석훈 정대근 조인다 조현택 최상기 칠보산 키나제 풀어질 2668 3192 3385 5182 7640 DAXA hate solo 가시고기 데몰리션 르느와르 부동자세 부어오른 이겼으니 주춤거렸 차가워지 하류인생 ##Select nhkim 사라졌으나 안티고노스 위한다면서 제자리걸음 태어납니다 002550 036930 higher Endpoint president Continuous ##ᄋᄋ ##나크 ##싯봉 ##vie ᄋ니 강목 곡목 관매 구엔 근내 능현 대액 메러 문길 복만 복점 본촌 비설 언차 이추 티얼 펠러 편달 효장 흑칠 ##들어온 ##사운드 ##시코드 ##BOOK ##avan ##isme BON IgE MHL Ody WSD 계시판 골고다 굴절력 김준연 낫아웃 농악대 디아민 레밍턴 몽고족 미완료 방정오 방풍림 불러줘 샀으며 소몰이 신승철 안동역 안성우 어스틴 오데마 울릉읍 유광우 이현곤 장병화 정양호 지워서 청천면 최용준 케언스 트룰리 ##UTION 2614 2965 3118 3204 3249 3293 3381 3572 4399 8330 CONT OPPO 남부러울 리놀레산 방탄유리 서강대교 언차티드 파마머리 Bravo learn Wisdom ##laration Funding 정부과천청사역 director ##생대 ##얄라 ##이며 ##TAM ##pez 갈쳐 궜다 논집 따당 모살 문암 문피 사광 사축 삼무 선염 섬돌 숫양 슈웨 실위 어룡 월포 자삭 재덕 종숙 주커 파차 펀디 ##0006 ##orge ##used ECD MUL 그든요 김다현 김동구 두륜산 마분지 박계동 베를리 블루어 엄상현 염기쌍 영국사 이카와 장준영 정범모 조건호 지리서 콜머니 크누트 포용성 행정리 0155 3109 3885 5012 Blow FITI ggul 낮춘다면 눈치봐야 무력통일 문명국가 비현실성 석유난로 신유박해 아니꼬운 온다면서 정의로운 ##ogenic Ferry fever 일본공산당 하프시코드 ##ingency 브레이크뉴스 Unknown ##만들 ##인견 ##작사 oT 가충 감한 개답 경빈 균종 덕스 들물 딴딴 링비 매소 바틱 벨러 비허 소페 시옷 쑤이 아락 앤더 왜목 위공 의선 이년 일새 주터 질롱 층서 핵물 회칼 ##2190 ##eout Laf MOF NRP TCM 갈말읍 강준석 군청색 김남훈 김영구 농생대 대합창 라바트 맥루한 박미희 박용석 버팅기 보험학 석촌역 실려나 어떡할 유무형 유우지 이해창 정대선 주촌면 참붕어 청당동 최성일 페이만 피에조 학대죄 홍기삼 0078 0560 3136 3471 7390 AIoT ESTA KTCS grav 그러고는 긴급피난 마그너스 여서인지 일러바치 전투병과 ##umbers Bless 스카페이스 아크메이지 ##amination ##Sp ##독점 ##변통 ##새김 ##이하 ##GRA ##VII ##oti 검란 곽회 린케 설식 쏘였 음덕 장균 전참 즈단 폐출 풍백 ##스키외 ##플라톤 ##oman DUO bra byd cep 강은미 건강체 구김살 구자엽 김영빈 김한철 날라온 뜸들이 무라드 바이산 박기홍 박남수 부검이 부수상 송재림 수돗가 시라즈 안전선 원자론 윤두서 이계철 이동찬 이승택 전민기 중계망 짭쪼름 체펠린 풍천면 ##ungen 4298 Borg repo 마틴싯봉 본차이나 슈가버블 욱신거리 윙윙거리 점성술사 직업여성 퀸스타운 Lynch Robin 몽테스키외 스트라이더 우쓰노미야 ##areness ##liament Kosdaq Barbara Gregory Maurice ##레브 ##베어 ##산대 ##파동 건자 노먹 다상 보용 복작 식양 신완 암문 연돌 코퀴 토발 하점 ##드로스 ##츄얼리 ##1200 ##inda LIT Lob MFI 격월간 고드윈 곽범국 관측기 균일화 남궁연 남오세 당사도 레이미 리샤르 링네임 마륵동 무녀도 무실동 박은석 박철언 북해도 뺏겨서 손아래 오이겐 유영준 장용영 전력계 접속률 정호열 크레시 타제품 휘틀리 ##ospel 2709 2753 3101 3117 3151 5178 7590 Reed THAN Wong 가로지른 걸개그림 고들빼기 공적자금 눈가리개 독립지사 돌아봐도 두드려서 레졸루션 마을문고 오징어채 해상공원 남오세티야 Roller Wedding substant ##WL ##디라 ##뢰도 ##오네 ##장력 Uz ᅡ리 닦치 멧세 박솔 빅풋 사불 심배 이염 조맹 중노 퀴도 탕가 틱증 편편 하길 할진 합인 ##에이치 HFR Ore yag 강성희 광탄면 구도일 김정학 김현의 나미에 넘나든 대참패 독립파 라우렌 뭉둥이 바에즈 박상일 박시영 불보살 사다트 산도스 오상훈 유덕화 재커리 정범식 조기행 조은주 최경철 최종경 카리오 캉드쉬 크리올 퍼다가 화요비 ##icide 0549 0659 2662 3093 3278 4167 8930 Hamb kimd 가느다랗 그라우팅 니르바나 마티네즈 시모무라 액츄얼리 염치없이 오버랜드 카민스키 ##versal PREMI Vault 마에스트리 지켜준다고 112610 Thermo WEHAGO repost Florida Subject Sportage ##VT ##YU ##감래 구복 돌라 뢰벤 봉록 올른 자월 잡자 징과 ##RDER EAT chi 규격화 김판곤 문맹자 반겨줄 반역도 백중세 블루북 송두환 수더분 시조새 아리나 양양읍 오장환 오카야 원문동 윤창용 이동민 인출금 장유면 적신다 정은승 커런시 허기야 황기철 ##attoo ##burgh 2654 2689 2781 2794 3405 4229 6610 ITSM mood 갈비구이 도중하차 동료평가 모셔다가 목불인견 신플라톤 임시변통 ##노브고로드 KStar 보스포러스 Conduct Membrane Overhang Shandong localhost foundation Outsourcing ##VP ##시조 ##The ##ucc iC 격장 균체 금중 꽃분 단항 또르 라장 발새 사종 서제 시귀 용절 우역 장징 전랑 지룡 철환 초비 측이 프디 Daw HSM KJV SVM gem 가정일 겉보리 광중합 귀네슈 김명화 김삼화 김승범 박병국 박선미 부흥사 뿌리친 사일런 살로먼 아세라 안중읍 오즈마 제랄드 3034 3302 3595 MTPA vlcc ᄁᄏᄏᄏ 깎아내릴 부딪혀도 신치토세 주파수대 집어던진 Fruit 로열패밀리 스테이플러 카탈로니아 풍산홀딩스 011930 041960 Celebr Hanwha Mental Reserv princip Sumitomo planning sunnykim ##라워 ##성단 ##쯔양 ##치카 oe vt 구길 깨작 더벅 도석 매명 바누 봉진 분패 섹트 쇠잔 스탐 애셔 어딥 우행 톈허 포한 폰다 폴터 하먼 호병 ##문간드 ##프리텔 ##airy AEG CAA Ced RFI SAG XPS 강호문 구자준 그러믄 김성래 대통력 데카론 박승환 분전반 살해자 상황도 손더스 송기석 실로폰 어머머 요나고 유니참 이상정 이원주 입사각 자격루 조계지 조동사 조승현 족두리 지겨웠 커뮤터 헛구호 흰다리 ##노프스키 3156 4927 4995 9670 Delo Gamb 고진감래 기름종이 끌어낸다 넘쳐흘렀 달라져요 동떨어졌 뒤집어쓸 버거운데 번져나갔 사쿠라바 서빙고동 어딥니까 음독자살 자오쯔양 카시우스 합니다요 형제지간 25448 lsquo 동인문학상 아태평화위 양송이버섯 요르문간드 003070 한국통신프리텔 database Investments ##qw ##범규 ##수당 ##텐산 ##피라 ##isi ##rif ##uni ᅳ다 나왕 릴로 미족 베즈 소내 신첩 신편 양달 진곡 출라 측광 커슨 콧털 크링 타베 ##피데스 ##etry ##hand ##ossa DBC LDA NME nox 고렇게 굴려도 글리신 김윤오 김재진 꺼뜨리 남기웅 노보리 녹양역 두류동 박영근 박창균 박현종 복사뼈 볼츠만 성악곡 소각재 송유근 습지대 신규원 외교술 유동원 유종일 윤영두 응해서 이즈카 이창선 정수성 조르제 퀴놀론 2821 2909 3533 4501 8770 AVOD Neil gear 국도건설 상록수역 유리그릇 페어필드 페이퍼스 Odyss Prism UNWTO slack 진도아리랑 Cameron Theology ##wi ##세력 ##페닐 ##pre ᅳ미 개길 건덕 교래 깡총 렸을 뤼트 바웬 밤톨 순식 씨눈 열파 왜년 요만 자박 작로 주글 청래 친군 퀴지 포의 하근 홍렬 후당 ##포커스 ##anus BEN DSK PBX WEL 간데없 검사인 그리하 김능환 넘길지 다메섹 대평리 미용인 민명기 박세당 박유하 버틸까 보니야 보드빌 보조사 붙어사 양자리 으셨기 이명숙 장림동 장현성 조남성 카츠미 해로움 ##proof 2737 2904 3752 4075 4989 9070 Junk PCTC Punk RMBS 가로쓰기 개화사상 날카로우 루간스크 마르티나 성냥팔이 영원불변 찾아왔었 하나마루 화이트홀 밝혀집니다 029780 081660 Ciudad Heater genome 영등포구청역 Chrysler particip ##XC ##복종 ##을듯 ##인애 ##WON ##new 건함 검집 골덴 구란 더락 라싱 매약 미광 바슐 삐거 산협 송리 심더 약명 쟁글 젠야 카튼 툴레 판의 혼식 흥안 ##들어갈 ##마르코 ##beat ##neum ##olve DUC FRS HNW PDB Qoo SIE 견뎌왔 권아솔 대화편 마르게 명부전 발루아 비정형 식단표 신종교 왕빛나 우타르 이스나 일궈낼 저장성 제노아 조국정 차가우 철산군 클라시 파루크 폼나게 피아프 하단동 한결같 홍정민 후루타 ##tepec 2354 2563 2742 2816 3571 8940 9140 Sage hack 거칠어지 다마스크 떠든다고 메밀가루 브라이어 스포르차 시달려서 이태리어 잡아간다 정신머리 탁상시계 ##생이모자반 Cells Qatar Corner Forces Franco ##putation Defined passive magnetic strategic ##가나 ##느웨 ##막하 ##키는 당미 망미 박예 본즉 봉우 새디 서란 엄사 이롬 충지 코키 탯과 향어 ##텐버그 ##프릭스 ##Date ##upid Fen LHC PUC Phu URC 그랜달 김혜윤 내려쳐 동백역 메스껍 모린스 벼멸구 브렌던 성주산 세검정 수보리 정지택 정현철 쥬리나 즐겨요 초대칭 충족률 투치족 틀려요 허인철 0603 2629 2707 2826 3077 3336 3379 3669 9260 GPFG Mans Seag 사라져간 아네모네 용감무쌍 우대조치 해태그룹 ##eville ##schaft Piece 래드클리프 Observ Stella enterprise ##ww ##yx ##금동 ##빌로 ##외교 OQ va ᄄᄅ 간독 개승 노암 당료 록수 목어 물화 상열 성합 순배 신백 야민 염방 영효 예랑 일딴 지끔 진순 큰맘 키비 포돌 한부 호키 ##보험료 ##Pont MLE PRC ask iBT 가평역 강현수 건축미 기술학 김동기 김보람 김현조 깝치다 니느웨 라이버 라자크 러팔로 리카드 바랄까 바스토 샹크스 서동철 소노코 아르파 아시시 아퀼라 암사역 앙다물 언니네 에메리 오주연 유복자 윤소희 전화료 정맥혈 최경식 최원호 최희문 케냐타 코모로 코하쿠 포경선 2893 2924 3274 3735 3754 Flam SYNC rein rise 맨프레드 메추라기 숨넘어가 스트링거 에클레어 윌프레드 유일사상 절대복종 출렁거릴 피어리스 한국자유 ZEXAL 기타프릭스 오디세이아 ##irector launch 한국자유총연맹 Hangzhou regional Philosophy ##머뭇 ##미유 ##부언 ##시는 ##은데 ##790 갑술 괄선 김봄 내나 무테 문빙 미앤 반례 방살 보속 보흐 봉현 아핀 전존 코산 펠츠 편화 풍호 훤이 ##디난드 ##르베다 ##지라도 ##출판사 ##3110 ##Card ##plan DFA LOW POW TOF zen 갈매동 공영규 김광삼 까치집 딩크족 라피드 메이퀸 배유나 부엌일 삼족오 수치감 신현석 어페어 얽어매 왔다간 용계동 용산리 원해도 이세종 이완섭 잘라도 파견대 혼화제 회갑연 ##imide 0373 2959 3083 8630 Kwon PIFF Unix 노량대교 머뭇머뭇 바다열차 사시하라 사죄드리 온다더니 트라우트 프라사드 뛰어났으며 야마가타현 Arctic Polaris meaning Plastics 니즈니노브고로드 ##다방 ##망산 ##물어 ##이타 ##향로 FJ 꼬깃 닝크 마몬 명무 보혁 쇠하 씰룩 요카 을러 자순 장체 추형 패독 펀펀 홈인 화광 흑조 흘겼 ##끄무레 ##도리탕 ##바예바 ##소수점 ACQ HKC MCA din vix 김철주 돌려대 동네일 디코드 맹신자 맺음말 머릿돌 문수사 문화청 미워해 밑구멍 봤으면 부쳐져 사에코 산리쿠 소강석 알파로 유희석 윤희재 준비실 틀어쥔 한철수 황창화 7830 Amar LOOK orth 골포스트 나무다리 맥킨토시 바슐라르 부소산성 신다구요 야스마사 의제설정 인천타워 통일전쟁 50001 굴러들어온 회계감사인 010120 Stocks Birthday ##앤디 ##으되 ##Pod 두면 라닌 라샤 마악 믹키 상륜 슈람 싱아 자거 조요 졸레 즈치 찬드 칭도 하박 학재 ##복실산 ##anie ##ogie ACU DEN IFR 겨눈다 골라낼 김은성 높여갔 대공습 독심술 딱딱딱 레위인 마살라 말버러 맹성규 무라트 문지른 봄버맨 빚보증 서장관 손미나 연마재 옮길까 용감한 위성락 임동민 임종식 접대용 조우종 지냈었 최철호 해멀스 ##afone ##ereum ##iffin 2659 2789 3213 3324 3337 3352 3672 4299 8470 Chte ICRC Knox Pill UMPC wise 너비아니 퍼디난드 호랑이띠 Apink eVTOL refer 종이호랑이 트로이온스 Jersey kinase Porsche ##띠제 ##젠토 ##하심 ##하청 ##ICT ZR 동다 린덴 말도 멸죄 목교 무약 벤또 사참 성담 속회 스멀 쌍생 역소 우임 잔교 정나 지권 폐창 화미 회집 ##예비치 GMF HST NBR NCB 가이후 강득구 구자근 깁니까 느껴온 능산리 대추리 도사린 매입처 미어캣 바이버 박준석 방학역 배덕광 부숴서 생강즙 세르바 쇼월터 신경식 에니어 와타리 우유철 유르겐 이광식 조병창 주워듣 지청천 차도남 최댓값 프랭클 황동규 흑석역 ##iento 3214 3329 3349 Eden SNCF warm 닭도리탕 사디스트 상이군인 스포르트 마르게리타 마르티니크 스트레이드 아름다움도 에니어그램 Stabil Stefan ##otainment GITADORA ##고주 ##보궁 ##빼뚤 ##숙성 ##아문 ##제니 ##지세 ##킨트 ##학과 ##현재 ##fee gy ᅳ기 가츠 검품 경파 괄괄 날르 남무 내볼 르이 변현 볼더 봉식 봉영 엄모 올즈 울시 준의 참당 퍼리 페탈 흉수 ##alto ##arum ##ples BOO CEN pyr 강성원 공격전 과세액 그마나 기가스 김보연 꺼져도 나무집 남상우 더해갔 던져져 문설주 문주현 벨로우 변형태 브레턴 뻐팅기 삐리리 솟아났 알리나 오메기 원승연 으란다 의연금 이근규 이봉철 이지숙 이혜천 자예드 장더장 전수경 집라인 최영식 최우정 최창학 축재자 텍사코 학과목 허성태 헛고생 ##ician ##reeca 3452 7979 Vlad 멀티비전 새우볶음 위르띠제 장미인애 적멸보궁 테오도라 Marco Resin Feeling ##것두 ##재활 ##조제 eU 가납 목대 물별 바텔 보웬 봉점 비발 사옵 성궁 손여 싼샤 에번 왠걸 진멸 텔콤 틸로 호청 호충 황변 ##플로우 ##피아노 ##aska Amp btc cib lon 감시대 강성철 갤러가 걸려와 구본창 김미나 김유선 녹화기 래피즈 박명기 소모율 송경아 심규석 옥소리 요리코 위니펙 이세벨 이운형 이원성 이인숙 장슬기 접니다 최평규 최혜영 탐구자 풋워크 햇갈리 홍은희 후후후 ##brand ##scope 3047 3222 3502 4685 Gone Ling Rach Stem goes salt 무라사메 요시미츠 중언부언 판토텐산 프라이멀 희끄무레 Famil 굴러떨어지 블루스크린 한국정보공학 includes ##EDA iR 골기 권추 기누 남비 독정 렌츠 문합 반리 베게 베임 소슬 습해 어빈 에란 엘윈 재숙 종비 질녀 취화 판윤 해둘 헌당 ##7310 ##haul ##okin GSB SIU bod dCi 강동수 광산물 동경이 랭스턴 면사포 박종태 비장미 스즈네 시중들 쓰라리 씩씩대 아하스 양형모 율량동 이자드 입방체 장광설 코무로 하늘소 하도리 호바트 황성현 ##emann ##peror 3763 3785 7310 8870 Bold DivX MUST Prix neck 디마케팅 올려놔서 축산업자 카와카미 Kraft 강습상륙함 넥스트리밍 천도복숭아 002790 036830 Fighting engagement monitoring construction ##백자 ##프도 교표 누란 먼동 불좌 비죽 열락 임봉 적취 중설 차폭 책문 쿠만 파군 혁대 AFK DAT Gut HSP MTM SRD fiu gcf sab 강승민 강원중 고와야 기고가 노병준 동경심 동지사 떨군다 목진석 무사도 박병은 밥반찬 별사탕 보행전 비트로 송범근 송현주 수잔나 씨뿌리 알라닌 양화진 오광록 오만원 이재운 장문복 중학동 청령포 최영무 최지은 트랜싯 퍼져야 홍양호 화용론 0380 2537 3046 6016 CUDA Dent READ cake menu 마이네임 말라깽이 에스코트 응어리진 중앙유럽 흐드러진 Delay Nuevo ##스트레일리아 014790 바르톨로메오 ##esterday Warrior Seamless ##SM ##까치 ##사골 yk 더데 라쇼 류철 물풀 보불 사틴 새움 석하 속량 약일 옥루 정빈 추릴 칠언 파호 헌상 현각 후국 ##블루스 ##Path FDR Gim TTF 감숙성 강도태 같아질 과민증 구루마 금융단 끈다는 끌레어 나온단 다칠까 도시샤 들창코 명세빈 불가마 세력가 싸움소 엠앤디 오브레 옴스크 위치스 입회인 정지우 지곡면 최이락 학암동 한상훈 황승언 2773 2951 3137 3197 4625 6112 9530 Pony YEAR seek supe 들고양이 떠다닌다 바빈스키 베르디흐 세단뛰기 찢어발기 ##iffany DRIVE NoSQL 메트로이드 보스포루스 롯데복지재단 ##angement Speaker setting Alphabet Marriott Triangle ##노헤 ##OSK 갈렌 거족 금학 담집 드폴 마각 만철 범마 사율 성홍 소준 숭정 월금 윤초 자익 징고 취선 해죄 행록 형전 AEK CTV RBW SLE bug 가빠지 갈마동 고래류 국민군 금강석 김유석 내당동 따가워 만치니 문정숙 박경일 박승현 박재형 박형규 백색광 비국민 사간동 서신면 서인석 성경륭 솔제니 스쳐간 씌여진 엔지오 월리엄 유재중 을마나 이자람 잔재주 점성가 정조대 집수정 토르바 2379 3167 9830 NOVA PEET Roof 흑치상지 GRAND Split tving 날아오른다 장수하늘소 delete 감정평가협회 인정사정없이 WWWGGUL magazine ##GER 간문 괴델 교적 깝들 니쉬 봉곡 봉전 분루 촌초 핀처 하책 항부 혜강 훈지 ##절제사 ##9770 ##ounc ##walk AVR Eve SNR TSK 겹쳐졌 경운동 골품제 김용원 나가라 대법회 데이몬 바람아 발야구 배은희 보스웰 복합형 사글세 삽화가 설중매 섬유종 손창완 승문원 연녹색 이동구 이성락 이소노 임화수 입니더 장문수 정선읍 조성현 지세포 쫓겨서 천곡동 최영훈 하타케 해로우 ##emony ##izont 2814 2894 3028 3184 3599 4325 Hass JEJU KBSN Pale fatf 더라구여 된다느니 부득부득 야스나리 연신내역 황금박쥐 KONEX Panic 퐁피두센터 Drawing Jupiter fitness Michigan apparatus ##삼촌 ##atr ##osi UO XQ hq 공맹 교예 국계 근우 막냇 명환 박술 백향 별인 부셰 불내 빅벤 색정 아참 자허 잠두 존문 지증 차월 창유 채홍 충기 칙명 케바 타려 튕김 핚편 헛갈 훈기 ##ends ##qing Ire LDP MIG UIO ᄍᄍᄌ 관구검 근우회 독성학 독주곡 동래부 메틸기 문희경 발모제 브르노 생색낼 샤일록 수련의 영북면 윤지수 임상옥 자립성 조미수 찬다는 처형장 치러서 카라크 케리어 클레버 팰트로 휘영청 ##rance 0826 2843 2956 2967 3017 3099 3123 3373 4345 7332 FROM Hort Menu Suez 나이트런 뒷걸음쳤 속물근성 스크립팅 중앙고속 크레이븐 푸닥거리 피오르드 UHDTV ##lectric ##ordable Button Beatles Opening Deloitte LinkedIn dynamite Ecosystem Divergence Intermediate corresponding ##돌기 ##성서 ##장미 ##청이 ##INO 가간 계유 곡가 곡진 군교 남벌 떄려 만적 석진 성김 수키 신감 악관 안쳤 영배 왕준 웨슨 음화 죄였 채탄 평천 허로 호심 홍실 ##atta ##ropy BOB TDM sdf 거려요 관전평 구루미 김사열 김성인 김예지 김장미 끈적이 남승민 떠밀린 럿거스 맥도넬 문승원 민가협 백안시 생성량 서동현 서정민 성주읍 세워뒀 손영주 연극학 오영주 이종서 제이든 조재연 좌측면 주일날 최우석 크리퍼 필로스 ##attro ##width 0107 2946 3014 3154 3207 3429 4204 7001 ORIG bong tapt 건너와서 구라모토 글래드웰 금송아지 끝냅시다 내렸으니 네오프렌 뒤진다는 문드러질 벤조페논 부대설비 삐뚤빼뚤 소금쟁이 수호성인 우치야마 정강이뼈 표면장력 plane 나타났으니 라임라이트 믿음직스럽 이야깁니다 일반폐기물 Illustr Ranking Detector Giovanni Oncology Temperature Traditional ##라서 ##리고 ##목어 ##아찌 ##자오 ##YoY 녹도 로냐 루더 베요 보중 살통 삼이 속강 손드 역질 웅도 윤환 장할 정항 종화 진목 천북 화악 ##넷스쿨 ##리스터 ##food SKF due tps vec 고모리 공동근 권기범 금강수 끈덕지 말해줘 모노클 박서진 배고팠 생백신 샤르자 서광범 손두부 시마론 써붙이 알아봄 유승현 유정열 인디카 저임금 전주성 3251 3384 3915 8030 Comb ENEC Gill 가스버너 끌어들임 매드니스 번거로우 에이버리 ##mental 00700 Combo Meyer Tears 뛰어다닌다 아이넷스쿨 올라선다는 전파연구소 트랜스미터 폭스테리어 ##anchise ##립소 ##비름 갓파 거할 관업 금적 동야 따악 뤼크 설이 손본 역당 왕피 월즈 작하 직납 찌뿌 통언 하핫 형리 황계 흉골 ##1440 ##cade ##mani ##peat Dre HSG Luk PAM Pun mno rat 게브레 관음전 구멍나 극존칭 김규종 김대연 냉수대 마리에 바트당 뱀사골 부족량 분기기 살구색 상고대 성시백 세워준 신민철 아네요 알레이 오전반 유지호 이동열 이야마 잔뿌리 장정숙 조의문 칼립소 코르다 폐회사 학교수 헤이조 0780 2852 3056 3097 3149 3476 3695 3756 4194 4564 9930 Cult GIRL Kurt LOCA NTIS brow weak 기울어짐 는다구요 뒤졌으나 바친다고 빠졌으면 에드먼즈 줄입니다 한강철교 Xcode beach 대선거구제 떠올립니다 헤라클레이 042700 Darwin Wacker hooney Fantastic Presentation ##바워 ##피종 ##SAS 가데 강취 겐다 긴코 깝스 께름 동애 러거 사예 산격 신례 악문 옆문 용경 일락 자옥 찰밥 휴잇 흑운 ##tail Ads GTE TUN USR cub unf 강해요 게이초 구인사 김강률 김유철 김학원 내두를 눕혀서 말안장 미적대 박성제 본리동 불멸성 브르통 성냥불 성명학 소이치 실라고 아데닌 야음동 여권법 오하마 유병헌 음봉면 이희용 임은수 임창욱 장강명 전주원 중피종 충돌설 ##otics 3585 3771 4237 QWER 그레이슨 그리고서 끄집어낼 다쳤으며 데이토나 리차드슨 브라질인 어서어서 일러준다 할로웨이 효령대군 ##estern ##unteer Worth 인스브루크 화이트박스 002020 partner 세종실록지리지 Infinite Clarksons ##개업 ##독재 ##부적 ##소릴 ##Art ##auf 경월 꾸마 날도 내단 다핵 더했 룰즈 반판 별부 비첸 셰스 숙위 습원 영오 영요 은다 인되 일복 주혼 짜낼 합군 ##낙동강 ##인민당 ##igil CDT HBR hps 가오펑 고유제 고탄력 꼬꾸라 니세코 다리뼈 동맥류 띈다는 라스크 바웬사 박형석 백일해 보정역 북성로 서블릿 서효림 석남사 실천자 에게해 음악관 이영현 이태진 정창영 조지오 지롱드 채취량 최계운 추가분 코니카 코코리 킹슬리 후유키 흡입제 3675 4002 6590 8588 9790 CERT Musk hana rail 고함지르 깜빡깜빡 물리탐사 애비게일 일어날거 찡찡거리 하이패션 Blast Disco Laura STEEL mixed 파나마운하 201812 Dental MacOSX 뷔르템베르크 swallow Darkness Oriented Evergreen committee ##rn ##리버 ##외주 ##asp ru 과피 금칠 꿉꿉 달팡 될진 랭군 문혜 역률 옴마 이허 잡설 즈시 찬하 치란 판암 환액 ##프랑크 ##oton ##ride DVM DWP Kum 고부간 고티에 김영도 김인회 도전체 로쿠로 리파트 모래판 문종훈 박재훈 불리운 서기전 소송인 송하인 암반층 오남읍 윤송이 이문기 이병순 이순진 장산곶 저만큼 정소영 졸려서 최선임 키리야 허도환 홍성호 ##China 2683 2897 3445 3615 5112 Arms Penn coop laur 계몽사상 국가사업 꼼짝달싹 들이마신 마쓰시다 뭉클하게 신갈나무 신천대로 우러러보 유스트림 크레이튼 타이위안 Lotus Vinyl ##ehicles 057050 검단산업단지 사이버네틱스 이러나저러나 advisor ##BD ##omg 곡반 군진 나그 논함 던바 맘바 수춘 외임 웅거 재종 중망 차란 캐더 통실 ##전도도 ##Tree DTM LUV MLT TAN 경남선 그려라 김정행 김하진 다사랑 대상어 던져두 도입선 레나타 베네트 비셔스 뽀드득 신정호 안정리 오연호 요구시 이민혁 임원식 재돌입 제로니 제리아 조산대 조영욱 조태용 찬다고 칼리온 코니시 코이케 티로신 해거름 헛바람 훼라민 2993 3488 4125 4385 9720 경승용차 까무러치 마츠나가 본다면은 타타르족 Greed cable 건국기념일 울려퍼진다 전기전도도 ##orative 신플라톤주의 Prototype ##An ##거듭 ##과일 ##뮤엘 ##상계 ##옥엽 tx 광치 끼였 내속 다서 부딛 비려 솔길 앤아 와당 요모 우병 원출 유엽 음녀 잡주 접장 채였 황아 효동 ##마시안 ##NIKA BTU KMC NFS SKL sne 가집행 겨레말 군관구 그럴래 금붙이 김계원 김덕준 김현옥 김홍희 노바크 됫다고 메도스 바라다 박주연 박효주 밤무대 방예담 사부인 삼프도 석수역 신경관 아함경 야마나 엘에스 우에키 유석렬 이기범 이두식 일관된 입놀림 장욱현 최재우 출토품 폭식증 표적지 피침형 핀레이 허진욱 흡광도 3522 4255 8008 8639 9560 ARIA Boat Fiat cath econ 검은머리 노랑부리 달마시안 더벅머리 도리도리 본질주의 살리나스 썩어빠지 야스카와 와인버그 완전식품 조선백자 카레라스 타오른다 한답니까 ABSTB rsquo 삼프도리아 Talking Sourcing Inventory Publishing associated ##싸리 ##으러 ##톤스 ##파상 ##후원 게타 계역 관교 귀문 긍게 꿔다 남효 뒤르 멸해 방경 암홀 함보 ##니다만 ##레지엔 ##아르트 ##크리스 ##6110 OCT Zap mur 구대성 기달리 김보슬 김재일 김춘호 남겨도 둘러치 레이양 리드맨 백동준 부도체 분광법 비스크 스터전 신택스 양일우 예스터 원남면 원자량 이송이 이아고 이희건 잠버릇 장찌개 조용구 중보자 중학부 지각력 코미어 크로캅 하시바 허정수 ##attan 0444 2661 3765 4812 5002 5309 7234 8430 Keys gran mono sold 게오르게 금지옥엽 다카모리 삼호개발 새로워졌 슐레지엔 식도락가 앰브로스 에이치비 연애결혼 오리사주 오이타현 뉴질랜드인 안쓰러워서 예스터데이 Kindle taptap 추상표현주의 Regener Javascript interaction ##벅지 ##ERY ##kok 강짜 골계 노방 단권 등방 로샤 루젠 목극 애련 영록 외포 우욱 원량 정요 진황 초명 추원 축첩 카반 쿠어 함태 핼쑥 혐임 ##나디안 ##합니까 ##sten ASR HPA wat 가리워 감호소 강성모 개표장 계단실 김군호 김영곤 김영균 무진동 무찌를 박선주 박춘섭 백민석 부림동 생드니 서정대 송새벽 신은정 신진수 신현리 역무실 원적산 유지수 이수증 이승구 인동초 일러도 장윤선 제어반 조차장 조한철 천왕성 커나갈 후려칠 ##itech 3068 3231 BAIC CAPM OOCL RIAA Yili eUFS 게임메카 들썩거렸 모닝커피 솔제니친 알려줘라 캐나디안 Whirl 보여진다고 아웃포커스 에피네프린 Gyeong Libert Retina 아이러브커피 ##오스트레일리아 ##혈병 kN 곤드 구빈 길치 까매 네주 더시 동미 랬어 루왁 린더 망초 멱따 무노 소군 쑥국 용치 자려 작질 정귀 제통 찌리 타릭 택부 통명 ##epec ##iele UAC YBD tok 그랜빌 김순철 대왕판 띄워라 무쿠로 박철규 복관세 북천안 세마포 손봉호 스릴감 시상수 시정신 알버스 연대순 옥길동 위정현 이층집 인당수 임정희 정이현 조작극 지연성 페르디 해남읍 ##uzzle 0072 2696 2863 3434 5166 5412 Pico 가맹단체 거듭거듭 구데리안 국악협회 일리아드 중얼거린 카프카스 페샤와르 페퍼톤스 Charm Equin gahye stoxx 뒤떨어진다 001440 떨어뜨린다고 Vacation Machinery Stainless ##박문 ##폴짝 ##BEI Bj 금파 내설 니드 맥앤 메는 몽마 새간 서균 석각 성쇠 술위 시먼 써댔 왕석 원손 원업 작통 탕아 하초 현승 ##재활원 CKY DMR IGA REP Shu bir 고조파 괴혈병 그릴리 끝장난 디메틸 마산동 법상종 사차익 셀로판 소수만 소아병 쉬울까 신호수 심술보 씨름판 여오현 오금역 월산동 유제원 이마리 잡화상 장위안 장평동 저밀도 정경순 정영태 정장제 중급반 지어냈 처녀막 최귀화 토끼풀 펼쳐도 하우즈 0089 2922 3092 3227 3348 9860 Mull sett 드십니까 라더군요 맥앤치즈 맥클레인 모신다는 스타인벡 엘리사벳 제로니모 카와구치 폴짝폴짝 TOPIK 밀어붙인다 부동소수점 셀룰로이드 키르케고르 005960 Intent entity 나르시시스트 Pinterest TECHNOLOGY ##모방 ##민동 ##사밧 ##소바 ##회견 Gw 개착 겟세 고왔 관유 돌스 린킨 사왕 산드 속제 절두 점표 조몬 출또 한위 ##blue ##enci ##etal ANN ftp 감우성 검열관 구슬리 김인배 나관중 네우스 놀러와 무거동 박승규 볼려구 북북서 손여은 신영선 쓸려가 알사탕 에가와 에드몽 연습기 예뻐야 윤용태 이상협 이은석 이화원 인현동 중간치 중마동 차전자 케너텍 피네스 3169 8310 ICIS PIMS Sexy TBWA 그런고로 안투라지 에어인천 역겨운데 올록볼록 쭈뼛거리 플래시백 ##ousand Older pulse 국립재활원 떠오른다는 시달린다는 퍼펙트게임 Behind ##otherapy believe trailing ##근세 ##다ᅳ ##데모 ##훈트 RZ 고새 깅은 남식 델로 럴들 루데 묵이 문촌 민혜 발양 상북 상접 성나 시얼 온콜 와줄 윤혜 입거 전춘 종토 차집 콩가 피루 필란 합평 ##BLUE ##atum AGA CSD Lak Wit sme ᅲᅮᅮ 갑근세 계엄사 관음상 김기완 낚아챈 누에바 대륙군 매케이 못생김 무덤가 방위선 서정욱 소형선 암것두 압축률 앨리샤 오찬회 음성읍 이상식 조의연 지증왕 최민석 핀커스 화입식 ##iwise ##okine 2949 3273 3365 3459 4108 4312 4951 9480 Dish Http SAVE USDC stim 닥스훈트 레오니드 모였으니 순보험료 암송아지 없앨려고 에스테반 올라갔었 Aaron 몽마르트르 사이프리드 103140 circle 이화학연구소 플레이아데스 ##certainty politics Accounting ##구그 ##묘묘 ##베타 ##송골 ##에쓰 ##321 ##ᄐᄏᄏ 감연 고길 교기 꺼서 농화 랴고 루셀 미캉 볼린 서렸 슈니 약탕 엔오 염왕 예작 우링 지초 천읍 칼릴 호즈 후량 ##거려서 ##antz ##ylan Dro FEM Jal ago 대봉동 띤다는 마티치 메치기 명감독 발전관 배윤정 백상훈 서지원 송민규 스가랴 신형철 심재민 아시스 애디슨 양성애 오창섭 오토리 우기종 유자청 이기석 이보근 이츠카 정신상 팔관회 한승주 홍성규 ##asket 0083 2928 3346 3487 3524 Avon Gluc pipe 가리켜서 기기묘묘 내두른다 돋을새김 메아리치 사쿠라다 서낙동강 위함인지 중과부적 크라우치 키웠으나 트리스타 할랍니다 Cytus 디제이맥스 알데하이드 ##irement 드라이플라워 스코틀랜드인 keyword 불러일으킨다는 Fellowship ##득공 ##룡포 ##보임 ##키트 ##105 Td UG 난마 될꼬 망보 문후 법강 병색 섬홀 식미 싸게 어백 코밑 획수 ##답니까 ##돕니다 ##하심정 ATH HbA KEP Nec 경유의 고경명 곤룡포 곤륜산 그리니 김교태 낙선재 레퍼드 마틸드 멈춰진 무산자 바이다 순응성 신세지 씰데없 아쓰시 우스다 우츠미 윤재천 이인상 이종식 장남식 제재목 챙겨간 카나이 크레익 피플스 허희영 ##널리스트 3578 3579 CALL NEST chic 물어뜯기 보였으니 부산교구 빽빽거리 억하심정 여겼으나 여호사밧 위해서일 이등박문 주머니쥐 프레이트 ##iverse Finder Maison really 여자농구연맹 purpose Frankfurt ##반수 ##부도 ##카는 ##102 ##uve ##zip 금귀 두현 등질 면내 목계 반죠 방취 변개 변계 산석 쉬케 승경 용맥 우래 윤다 장골 재매 절토 젤로 지처 촌중 타발 타세 편미 풍장 행처 ##데바란 ##TAGE ##agic ATF GbX REX Tox 광소자 글리제 김광철 김주철 김형남 나병환 내수읍 노박래 눈대중 대기소 대총통 라이타 라지요 랑카위 문상철 박성기 삼성사 석빙고 엄치성 예상일 외금강 으심을 장기면 전정권 정혜선 주루룩 최은성 최현주 허태학 홍기원 ##reeze 0196 2738 Mosc SBTi SNOW calc 가격정책 다가올지 방사선학 스미요시 시마자키 실학사상 알데바란 으스러지 취해져야 ##ussion Felix Mouse 벌어졌으나 삼국전투기 솟아오른다 페타바이트 Metall Abraham Broadband ##가위 ##되이 ##리네 ##영은 Bt 가항 게들 공초 공칭 공희 꼼작 덩쿨 렐로 로거 맹서 묵객 북포 빨린 석위 섭동 스펄 쌀집 씨실 억분 연현 용투 윗단 장탕 절각 죽간 진감 쪼들 채유 쿨럭 펑위 페쉬 효우 ##FLEX CST sgi 강현우 김선택 남궁원 남정기 만파식 문영남 봉무동 분다고 선도사 실으며 쌍화점 쓰토무 아선지 아우어 월롱면 유랑민 이저리 이창진 잠시간 지연전 지영수 창기병 체납금 코렐리 토시키 한상춘 해드림 회기역 휘그당 0318 0542 2559 2827 2944 3395 3555 3976 8390 SERV STRE 그레이비 다이하드 두서없이 미조구치 반식민지 스크랩북 아랫동네 아비투스 잡아들일 준다던데 황산니켈 ##essage 20100 DANCE Olleh fluid separ 공중목욕탕 employ Liberal sleeping Simulator ##내화 ##다졸 ##바엔 ##백도 ##비즘 ##빠귀 ##와사 ##job ##lov Dx 겐키 견준 괘도 꼴딱 낭창 도북 로구 모채 병란 부흐 석의 옥조 접신 친할 털사 테페 한극 헛살 희죽 ##avin ##hart EPD GCS Heg LTP nic 가시박 가여워 개찰기 김규민 깨트린 도정일 동북방 박석운 방성윤 보리암 분류함 뾰로통 신용우 신인균 아다마 안성준 염창역 옐로칩 온장고 유성만 윤진서 이남석 이파니 임상용 장기인 저래요 전해조 최송현 통역병 황토현 ##osome 0327 4023 5011 9580 COFF Hank Susp temp 계획범죄 국수나무 굽신거려 그지없이 끝냈으면 밀어낸다 밀어닥치 반찬거리 불만제로 스칸다르 챙겼으면 푸앵카레 하드커버 해줍시다 Rogue mouse sugar 모른다더니 생겨납니다 어우러져야 ##ascular ##istical 036420 138930 ##빙겐 ##카노 ##탬프 ##Doc ##Ste wc 감신 개럿 두렁 미뇽 베켄 상후 심관 아홀 영욱 우담 윈슬 육부 육욕 종창 초실 탕국 홍교 황어 PTR TLO WPA 강수정 겔구그 고강동 극예술 김대형 김외숙 남만주 디우프 방송계 보호조 분산도 새우잠 서하남 소다회 속궁합 스쿠트 실려서 아스투 앙칼진 양방언 우마차 이근수 이대영 이명한 이종운 이혁준 조희경 책거리 최고품 최세훈 최재혁 타이산 튀빙겐 팀리그 포를란 해리성 홍석구 ##cross 2597 2697 2748 2766 3103 3472 3711 ##이 ##다 ##. ##는 ##에 ##을 ##가 ##지 ##고 ##하 ##의 ##로 ##한 ##기 ##은 ##, ##서 ##대 ##도 ##사 ##1 ##를 ##0 ##인 ##자 ##시 ##해 ##수 ##으 ##리 ##정 ##2 ##일 ##있 ##어 ##전 ##나 ##라 ##아 ##상 ##부 ##장 ##들 ##원 ##국 ##제 ##보 ##주 ##스 ##만 ##과 ##했 ##( ##) ##그 ##적 ##면 ##성 ##게 ##니 ##것 ##업 ##' ##3 ##비 ##공 ##구 ##위 ##조 ##경 ##중 ##동 ##소 ##5 ##신 ##화 ##회 ##개 ##문 ##등 ##선 ##계 ##유 ##여 ##관 ##세 ##년 ##4 ##우 ##내 ##거 ##진 ##할 ##용 ##금 ##마 ##안 ##와 ##미 ##요 ##트 ##모 ##되 ##재 ##\" ##산 ##분 ##9 ##무 ##오 ##당 ##치 ##연 ##통 ##6 ##간 ##행 ##데 ##며 ##생 ##드 ##실 ##8 ##영 ##발 ##7 ##명 ##단 ##러 ##터 ##매 ##된 ##야 ##월 ##체 ##차 ##방 ##출 ##% ##말 ##입 ##민 ##었 ##반 ##운 ##역 ##까 ##교 ##려 ##현 ##건 ##후 ##없 ##식 ##물 ##바 ##감 ##난 ##증 ##최 ##학 ##예 ##점 ##력 ##각 ##강 ##달 ##권 ##설 ##? ##표 ##때 ##결 ##양 ##속 ##저 ##임 ##더 ##작 ##심 ##본 ##e ##않 ##타 ##준 ##르 ##호 ##직 ##프 ##래 ##포 ##합 ##억 ##음 ##품 ##파 ##종 ##법 ##외 ##급 ##약 ##크 ##추 ##투 ##확 ##청 ##불 ##두 ##노 ##남 ##a ##배 ##따 ##습 ##S ##판 ##던 ##받 ##· ##능 ##격 ##처 ##록 ##올 ##o ##레 ##~ ##근 ##환 ##름 ##형 ##번 ##i ##C ##함 ##같 ##- ##코 ##천 ##네 ##피 ##울 ##승 ##목 ##평 ##른 ##t ##집 ##질 ##n ##디 ##특 ##람 ##ᄏ ##향 ##료 ##석 ##초 ##또 ##망 ##r ##카 ##규 ##태 ##활 ##았 ##날 ##겠 ##버 ##편 ##박 ##였 ##책 ##익 ##복 ##변 ##런 ##많 ##T ##열 ##A ##토 ##총 ##김 ##못 ##P ##및 ##련 ##알 ##s ##됐 ##담 ##술 ##북 ##린 ##I ##키 ##협 ##별 ##너 ##될 ##! ##군 ##항 ##순 ##량 ##광 ##온 ##험 ##참 ##l ##론 ##든 ##채 ##E ##밝 ##B ##살 ##언 ##높 ##황 ##검 ##절 ##령 ##새 ##축 ##M ##루 ##택 ##독 ##D ##브 ##O ##율 ##필 ##G ##냐 ##테 ##육 ##락 ##벌 ##삼 ##m ##티 ##융 ##플 ##글 ##란 ##메 ##혔 ##존 ##L ##앞 ##c ##창 ##애 ##늘 ##병 ##접 ##획 ##K ##께 ##액 ##송 ##줄 ##손 ##좋 ##워 ##씨 ##돌 ##걸 ##맞 ##백 ##럼 ##친 ##족 ##립 ##잘 ##폭 ##류 ##취 ##누 ##악 ##졌 ##: ##극 ##길 ##찰 ##충 ##철 ##객 ##랑 ##견 ##률 ##느 ##베 ##완 ##머 ##R ##션 ##p ##d ##페 ##뉴 ##쟁 ##F ##패 ##효 ##/ ##u ##즈 ##막 ##져 ##N ##g ##렇 ##커 ##측 ##응 ##h ##범 ##돼 ##움 ##갈 ##곳 ##넘 ##엔 ##침 ##케 ##랜 ##먹 ##잡 ##탄 ##희 ##쓰 ##농 ##센 ##림 ##쳐 ##득 ##= ##왔 ##큰 ##허 ##님 ##뒤 ##얼 ##색 ##블 ##럽 ##V ##빠 ##겨 ##k ##균 ##놓 ##볼 ##착 ##긴 ##례 ##눈 ##b ##논 ##밀 ##y ##돈 ##퍼 ##왜 ##층 ##탈 ##혁 ##찾 ##앙 ##짜 ##죽 ##롯 ##렸 ##폐 ##몰 ##츠 ##H ##답 ##클 ##났 ##먼 ##갖 ##혼 ##혜 ##엄 ##징 ##홍 ##좀 ##듯 ##녀 ##끼 ##좌 ##골 ##죄 ##째 ##팀 ##휴 ##닌 ##핵 ##쪽 ##룹 ##뿐 ##낮 ##U ##템 ##싶 ##염 ##봉 ##략 ##널 ##큼 ##욕 ##빨 ##끝 ##떨 ##릴 ##찬 ##귀 ##W ##풍 ##텔 ##뭐 ##f ##밖 ##압 ##봐 ##팅 ##폰 ##써 ##램 ##켜 ##윤 ##v ##왕 ##꾸 ##짓 ##첫 ##벤 ##붙 ##콘 ##혀 ##욱 ##팔 ##컨 ##떠 ##캐 ##암 ##+ ##Y ##십 ##굴 ##퇴 ##쇼 ##핑 ##웃 ##곡 ##펀 ##냥 ##끌 ##흥 ##싸 ##풀 ##놈 ##탁 ##념 ##잠 ##슬 ##링 ##슨 ##덕 ##홈 ##틀 ##깨 ##숙 ##혹 ##갔 ##죠 ##낸 ##떤 ##닥 ##털 ##델 ##훈 ##& ##넷 ##텐 ##떻 ##냈 ##웨 ##슈 ##쿠 ##둘 ##쉽 ##헌 ##몇 ##놀 ##둔 ##J ##뜻 ##w ##솔 ##갑 ##납 ##값 ##쳤 ##촉 ##얻 ##X ##렌 ##잔 ##흐 ##몸 ##랐 ##척 ##칠 ##옥 ##즉 ##킨 ##빌 ##맛 ##턴 ##벽 ##Q ##즐 ##낙 ##엘 ##릭 ##씩 ##빈 ##엇 ##컴 ##뤄 ##얘 ##뛰 ##맥 ##칭 ##봤 ##숨 ##싱 ##춘 ##] ##롭 ##쉬 ##믿 ##딩 ##괴 ##찍 ##[ ##즌 ##탕 ##맡 ##헤 ##푸 ##맹 ##픽 ##궁 ##ᄒ ##셔 ##x ##; ##휘 ##폴 ##렵 ##킬 ##콜 ##혈 ### ##ᄍ ##랫 ##멘 ##홀 ##댓 ##혐 ##칙 ##첨 ##폼 ##꺼 ##섰 ##칼 ##ᅳ ##뜨 ##곤 ##벨 ##럴 ##컬 ##넣 ##춰 ##므 ##뢰 ##팬 ##캠 ##즘 ##삶 ##겁 ##맨 ##섭 ##^ ##긍 ##촌 ##킹 ##웠 ##밥 ##덧 ##겼 ##찌 ##잖 ##뇌 ##셀 ##섬 ##듣 ##땅 ##앤 ##셨 ##뷰 ##녹 ##짐 ##갱 ##똑 ##텍 ##밤 ##펼 ##꿈 ##탑 ##톤 ##줘 ##렴 ##졸 ##켓 ##렉 ##빛 ##젠 ##멀 ##꼬 ##닝 ##뮤 ##딸 ##빼 ##됨 ##젝 ##쇄 ##럭 ##흔 ##흡 ##됩 ##픈 ##냉 ##잇 ##꼭 ##콩 ##딱 ##겪 ##뭔 ##뽑 ##곧 ##벗 ##낼 ##펴 ##끄 ##흑 ##∼ ##읽 ##쓸 ##깊 ##콤 ##닉 ##꼽 ##슷 ##꽃 ##춤 ##꼴 ##짝 ##젊 ##ᅲ ##켰 ##흘 ##웅 ##싫 ##몬 ##덜 ##랙 ##셋 ##튼 ##앉 ##쌍 ##걱 ##앱 ##셜 ##탓 ##퓨 ##\\* ##넓 ##팩 ##늦 ##빙 ##줬 ##튜 ##빅 ##헬 ##릿 ##삭 ##둥 ##핀 ##@ ##탐 ##셈 ##묻 ##j ##쓴 ##딜 ##랄 ##틱 ##뱅 ##갤 ##닐 ##봇 ##씀 ##롱 ##묘 ##멸 ##샤 ##잉 ##톡 ##랍 ##롤 ##잃 ##똥 ##낌 ##밑 ##씬 ##웹 ##몽 ##겸 ##싼 ##봄 ##괄 ##뒷 ##밸 ##끊 ##쯤 ##텀 ##옵 ##컵 ##깔 ##렀 ##꾼 ##옷 ##묵 ##큐 ##쁜 ##뀌 ##뻔 ##엠 ##촬 ##훨 ##쌓 ##옮 ##멍 ##뿌 ##룸 ##슴 ##z ##엑 ##윈 ##챙 ##쾌 ##끔 ##맺 ##옆 ##넥 ##쁘 ##쥐 ##렬 ##펜 ##깝 ##뭘 ##틴 ##쏟 ##젤 ##칸 ##겐 ##듭 ##멤 ##빚 ##옛 ##끈 ##닭 ##앨 ##빵 ##첩 ##믹 ##껴 ##찮 ##짱 ##닷 ##\\_ ##ᄉ ##쌀 ##닫 ##맘 ##\\ ##덴 ##떼 ##쩌 ##륙 ##밴 ##뚜 ##돕 ##읍 ##듀 ##붕 ##괜 ##굳 ##Z ##> ##짧 ##밍 ##덤 ##틸 ##빗 ##겹 ##걷 ##멋 ##섹 ##섯 ##랩 ##닛 ##잊 ##떡 ##톱 ##덩 ##벼 ##룡 ##낭 ##뷔 ##룩 ##꼼 ##깐 ##듬 ##숭 ##퀴 ##딴 ##횡 ##ᄌ ##굉 ##ᅮ ##릇 ##랬 ##꿔 ##녁 ##릉 ##훼 ##ᄋ ##낳 ##놨 ##랭 ##| ##쇠 ##쏘 ##썩 ##꿀 ##냄 ##넌 ##훌 ##깜 ##옹 ##엉 ##탠 ##q ##눠 ##끗 ##덮 ##숲 ##튀 ##쿨 ##썼 ##닙 ##띄 ##ᄀ ##븐 ##ᄂ ##멈 ##촛 ##쿄 ##셉 ##껏 ##숫 ##눔 ##곽 ##낄 ##$ ##췄 ##룬 ##컸 ##탱 ##햇 ##앗 ##팽 ##엽 ##돋 ##ᄃ ##룰 ##둑 ##좁 ##핸 ##줌 ##녕 ##낫 ##챔 ##듈 ##ᄇ ##샘 ##팡 ##쏠 ##렷 ##땐 ##밟 ##렁 ##흉 ##웰 ##헛 ##金 ##칩 ##멜 ##캔 ##샌 ##깃 ##셰 ##< ##쩔 ##왼 ##륭 ##벅 ##봅 ##싹 ##묶 ##뒀 ##얀 ##틈 ##낀 ##ᄅ ##띠 ##뭉 ##렛 ##댄 ##턱 ##긋 ##밭 ##눌 ##꽤 ##샵 ##옳 ##뼈 ##솟 ##멕 ##펙 ##롬 ##쫓 ##맵 ##곱 ##핫 ##륜 ##팝 ##뜯 ##쉐 ##딘 ##쩍 ##캡 ##섞 ##} ##삽 ##놔 ##둬 ##뇨 ##덱 ##팎 ##헨 ##뚫 ##컷 ##궤 ##겟 ##뚝 ##맑 ##톨 ##뉘 ##中 ##맙 ##쿼 ##퀘 ##{ ##붉 ##大 ##쪼 ##윗 ##앵 ##굿 ##몫 ##킷 ##美 ##픔 ##낚 ##켈 ##늄 ##갚 ##꺾 ##핏 ##잎 ##꼈 ##닿 ##곰 ##넉 ##윌 ##낯 ##엿 ##늙 ##짖 ##펠 ##땀 ##숍 ##칫 ##좃 ##젖 ##툰 ##옴 ##푼 ##쁨 ##줍 ##뚱 ##캘 ##닮 ##쩝 ##킴 ##팜 ##갓 ##쥬 ##궐 ##흰 ##겉 ##빡 ##릎 ##샷 ##合 ##굽 ##헐 ##쉴 ##볍 ##껄 ##곁 ##똘 ##짚 ##뀐 ##횟 ##휠 ##뜰 ##냅 ##녔 ##늠 ##삐 ##뜬 ##릅 ##깎 ##웬 ##펄 ##웍 ##휩 ##ᄁ ##찔 ##山 ##흙 ##日 ##씌 ##붓 ##볶 ##깡 ##잭 ##닦 ##펑 ##켄 ##흠 ##펌 ##씹 ##걍 ##끓 ##잣 ##뜩 ##씻 ##팍 ##잦 ##쨌 ##씽 ##렘 ##윙 ##벙 ##햄 ##넬 ##뤘 ##뻐 ##뱃 ##캄 ##떳 ##쭉 ##땜 ##늬 ##둠 ##퉁 ##人 ##國 ##톰 ##ᅵ ##썬 ##툴 ##넨 ##껍 ##짤 ##콧 ##앓 ##슐 ##콕 ##딪 ##륨 ##뭇 ##젓 ##뺏 ##쑤 ##럿 ##北 ##딧 ##붐 ##찢 ##훔 ##文 ##헝 ##샀 ##풋 ##랠 ##엣 ##뱀 ##엎 ##퀄 ##뿔 ##왠 ##韓 ##꾀 ##빔 ##뮬 ##댐 ##돔 ##랴 ##썸 ##엮 ##쑈 ##꽂 ##얹 ##펫 ##렐 ##옐 ##쑥 ##뱉 ##짙 ##밋 ##쎄 ##킥 ##툼 ##팟 ##벡 ##州 ##쩡 ##굶 ##솜 ##꽁 ##튬 ##東 ##굵 ##왈 ##벳 ##얇 ##댕 ##뽕 ##ᄆ ##갇 ##뽀 ##겔 ##쫄 ##얽 ##땡 ##잼 ##一 ##첼 ##꿨 ##깥 ##갯 ##뻗 ##얄 ##朴 ##썰 ##챌 ##샐 ##新 ##밌 ##딥 ##뻥 ##팁 ##三 ##궈 ##앰 ##南 ##꽉 ##찜 ##텅 ##퀸 ##낡 ##뭄 ##몹 ##늑 ##탔 ##法 ##찐 ##낱 ##子 ##랏 ##껑 ##탭 ##텝 ##ᅢ ##ᄎ ##뀔 ##츄 ##쟤 ##뽐 ##흩 ##댁 ##社 ##쉼 ##슘 ##갭 ##ᄊ ##前 ##푹 ##對 ##탬 ##홉 ##뿜 ##샴 ##故 ##뻘 ##쿡 ##툭 ##天 ##댔 ##뜸 ##쌈 ##뤼 ##싣 ##딕 ##道 ##安 ##뺀 ##왓 ##덥 ##좆 ##꼰 ##빽 ##쯧 ##댈 ##쫌 ##쏴 ##귤 ##즙 ##핍 ##슛 ##삿 ##넛 ##高 ##퀀 ##첸 ##빤 ##켐 ##촘 ##全 ##됬 ##띈 ##쯔 ##쿵 ##뛴 ##맷 ##꿰 ##學 ##눴 ##훗 ##깍 ##솥 ##왑 ##딛 ##뇬 ##믄 ##正 ##돗 ##王 ##캣 ##無 ##숏 ##上 ##海 ##멧 ##짠 ##꿇 ##本 ##뎌 ##캉 ##빕 ##家 ##뉜 ##팰 ##쭈 ##벚 ##的 ##權 ##딤 ##겄 ##生 ##씁 ##젯 ##콰 ##깅 ##쉰 ##神 ##會 ##걀 ##볕 ##긁 ##公 ##成 ##民 ##鄭 ##光 ##떴 ##퓰 ##윽 ##텃 ##젼 ##事 ##깽 ##行 ##깁 ##짬 ##쏙 ##쌩 ##훠 ##띤 ##性 ##셧 ##京 ##셸 ##챗 ##平 ##섀 ##水 ##쩐 ##팸 ##퐁 ##둡 ##콥 ##옌 ##者 ##義 ##엌 ##끽 ##껀 ##눅 ##헷 ##쥔 ##룻 ##렙 ##ᅡ ##쟈 ##큘 ##킵 ##칵 ##췌 ##地 ##폈 ##明 ##뺨 ##之 ##書 ##샹 ##텨 ##걔 ##컫 ##年 ##썹 ##뭣 ##쿤 ##相 ##小 ##長 ##덟 ##主 ##心 ##팥 ##귄 ##찼 ##田 ##섣 ##숟 ##갸 ##軍 ##뎅 ##西 ##政 ##룽 ##反 ##城 ##꾹 ##샛 ##폄 ##ᄐ ##셍 ##元 ##슥 ##챈 ##늪 ##뮌 ##쏜 ##탤 ##곶 ##ᅩ ##野 ##非 ##헥 ##낵 ##껌 ##뵈 ##륵 ##川 ##月 ##쫒 ##뻑 ##쩜 ##맏 ##얌 ##맴 ##江 ##市 ##自 ##崔 ##눕 ##世 ##츰 ##代 ##괘 ##펩 ##同 ##삥 ##챠 ##原 ##發 ##뒈 ##훤 ##뎀 ##딨 ##經 ##史 ##化 ##德 ##싯 ##괌 ##有 ##펭 ##퀵 ##仁 ##下 ##太 ##쉘 ##꿋 ##昌 ##퉈 ##팠 ##時 ##뺑 ##쓱 ##좇 ##랗 ##不 ##밉 ##퉤 ##춥 ##숱 ##엥 ##퍽 ##白 ##理 ##島 ##趙 ##石 ##和 ##뛸 ##뾰 ##떵 ##뚤 ##젬 ##꺽 ##李 ##在 ##샬 ##宗 ##찻 ##ᄑ ##찡 ##톈 ##濟 ##뵙 ##武 ##캬 ##얕 ##튿 ##陽 ##쌔 ##땠 ##張 ##왁 ##與 ##定 ##氣 ##컥 ##쁠 ##慶 ##馬 ##漢 ##外 ##욘 ##홋 ##숯 ##基 ##꽝 ##얏 ##朝 ##黃 ##쌌 ##內 ##춧 ##뿍 ##넸 ##英 ##핚 ##빴 ##靑 ##重 ##믈 ##쌤 ##웜 ##짊 ##知 ##귓 ##짭 ##物 ##門 ##甲 ##泰 ##샅 ##名 ##넋 ##五 ##永 ##善 ##木 ##튠 ##탯 ##洪 ##훅 ##띨 ##方 ##밧 ##듐 ##華 ##通 ##鍾 ##論 ##戰 ##聖 ##古 ##깬 ##後 ##탰 ##띔 ##쾅 ##官 ##四 ##썽 ##先 ##얗 ##핌 ##팹 ##敎 ##都 ##녘 ##寺 ##說 ##꿍 ##信 ##二 ##줏 ##햐 ##記 ##現 ##商 ##쉑 ##部 ##福 ##궂 ##떄 ##九 ##뺐 ##뺄 ##黨 ##院 ##쵸 ##튕 ##春 ##親 ##찹 ##期 ##制 ##車 ##詩 ##핥 ##텁 ##業 ##風 ##찝 ##ᅥ ##홧 ##몄 ##팻 ##報 ##十 ##河 ##벵 ##넹 ##훑 ##쐐 ##챕 ##體 ##君 ##淸 ##켠 ##分 ##治 ##意 ##吉 ##댑 ##周 ##銀 ##士 ##氏 ##用 ##實 ##所 ##핼 ##뻣 ##尹 ##밈 ##株 ##集 ##司 ##읊 ##꽈 ##앴 ##냇 ##뮈 ##젂 ##林 ##姜 ##保 ##롄 ##촨 ##動 ##憲 ##큽 ##爲 ##佛 ##花 ##作 ##겜 ##웁 ##府 ##잤 ##多 ##캅 ##꺄 ##死 ##萬 ##産 ##깟 ##뗄 ##力 ##맣 ##갠 ##使 ##申 ##榮 ##雲 ##龍 ##富 ##釜 ##出 ##멱 ##굼 ##쎈 ##잿 ##졋 ##쫀 ##帝 ##愛 ##틋 ##훙 ##뇽 ##徐 ##읶 ##뻤 ##윅 ##띵 ##夫 ##星 ##뗐 ##村 ##뭡 ##命 ##女 ##샨 ##숄 ##덫 ##얍 ##뼛 ##思 ##傳 ##닳 ##情 ##孫 ##里 ##共 ##近 ##利 ##뒹 ##百 ##火 ##쬐 ##씰 ##省 ##쪄 ##言 ##務 ##뗀 ##멩 ##任 ##乙 ##空 ##玉 ##쌉 ##냔 ##源 ##判 ##舊 ##땄 ##面 ##廣 ##賢 ##宮 ##松 ##돠 ##立 ##字 ##選 ##興 ##手 ##根 ##잽 ##숴 ##鎭 ##宋 ##土 ##헉 ##來 ##엊 ##眞 ##랖 ##욜 ##堂 ##듦 ##앳 ##忠 ##路 ##洞 ##泳 ##횃 ##吳 ##間 ##늉 ##浦 ##八 ##哲 ##寶 ##겅 ##ᄄ ##ᅦ ##갉 ##챘 ##꿉 ##熙 ##쫙 ##校 ##議 ##澤 ##댜 ##比 ##語 ##갛 ##봣 ##註 ##뎠 ##캥 ##郡 ##뎃 ##썪 ##펍 ##植 ##關 ##口 ##鮮 ##臺 ##蘇 ##圖 ##뫼 ##혓 ##ᅧ ##千 ##촐 ##族 ##쐈 ##身 ##縣 ##틔 ##쥴 ##志 ##度 ##師 ##順 ##햅 ##井 ##죗 ##場 ##찿 ##建 ##옅 ##母 ##第 ##祖 ##郞 ##궜 ##숀 ##슭 ##節 ##色 ##洙 ##式 ##잰 ##臣 ##承 ##開 ##孝 ##쇳 ##꼿 ##康 ##獨 ##錫 ##쥘 ##쫑 ##守 ##헹 ##習 ##形 ##秀 ##强 ##켤 ##界 ##쑨 ##윳 ##壽 ##븅 ##꿎 ##뭍 ##씸 ##私 ##解 ##觀 ##뀜 ##뺌 ##캇 ##퀼 ##깼 ##쒸 ##됫 ü т ц 굣 삮 헴 슭 – 퀍 쉔 랖 γ ｢ 웩 삠 찧 ა 맸 ß 븀 ｍ 딪 왬 』 츰 윷 ὁ ㎞ 뷸 ᆫ ِ 둣 솎 뗸 뷴 ※ 읜 괵 й ① 꿸 م δ Ｏ ③ ù 몄 ⑤ Ⅵ თ 。 돛 곪 팼 슌 в 젔 ‘ ٦ р ح М ч 헵 쾰 묜 쾡 ვ ） 뵌 Ε வ ㎥ ♥ 귈 è ầ 꿩 г ＜ ≪ ர ك ㅡ 틋 뱌 겊 ★ 딨 됙 쇽 ש ت ＃ ל 갬 → 뭎 ί 꾐 뱁 ă É © 칡 ư Ø 뉜 쾍 ′ ㅋ ᐨ ὔ 튬 І Φ 옻 갹 ㎒ ｇ 늉 훽 … ？ ŭ 솝 쳥 ˚ 빳 ㅎ з 삵 텼 Ì 뀜 섵 휑 ㄴ 툇 퓌 ™ 땔 ｣ ल 셤 š • ი 먻 В 돤 Ｓ 띌 텄 웡 н 릫 — 툉 С 홑 놋 푯 힐 쩨 쳄 컫 앎 ： × 뗏 뢸 ■ １ 옙 ي △ و 퇘 ρ 짇 꽅 ó ㎑ 셌 칳 、 뽄 톳 ν ÷ ğ φ σ 『 넝 ē 《 ㎉ 킁 낍 퍅 샥 뷜 〜 ㎝ 삯 〕 뻤 ة 볐 젱 쨋 ā 묄 ㅣ 놉 팎 덞 챤 ㎐ ם ④ Å ú Κ Δ 솽 귐 Α 쭤 섐 ς 넜 굄 짰 휼 Ⅰ ․ 멥 ī 뙤 륄 뺵 탸 ø 좡 뉠 솁 쇨 륩 짢 Ｒ ý Ｍ 켑 ⑨ ％ ה ز и Ⅷ 긱 ㈜ ㅏ 솦 დ 펨 כ е χ ⑦ ə ㅈ 쏭 꿎 ´ 눗 뎬 ♣ ㎡ ² ® ＝ ≤ ∧ 겻 됸 옝 갰 ９ К 왐 콬 ł 먾 넒 ㅍ 넸 ₂ 힙 〔 떰 ８ ی 잌 ２ 녜 섕 걲 ● 녓 л ･ ᆞ 뿍 ↑ 몐 〈 ㎾ 힌 욧 à 섶 ５ 뵘 뤘 д ② 히 ◦ ㏄ 텟 µ ， 뼘 ㎍ 롼 ▶ 뮐 ㎸ 탉 힝 क 륀 ▷ 쎌 벰 ώ 죌 힉 П ♪ 뻬 힘 엷 웻 я Η 퓸 ạ 뱐 œ 튄 ח α ä 쿰 넴 ₃ Ⅱ ⑥ 휨 힛 〉 ⦁ 잴 쩬 【 겋 Ἀ 렜 ㎢ ◆ 쟝 꾄 ۷ ” Ἰ ì ờ ◎ 햣 짹 ّ 쳇 팑 먀 젭 מ ج ɛ ㅓ ℓ ό ± η － đ 뷀 ⑧ ë 튤 ž 뉼 뎦 λ 곗 ச Β ｔ 튈 볜 ι 벱 ή 푝 쥰 웸 ê ▲ 묽 룀 맟 쨉 폽 ㆍ Þ κ 〮 땋 ¹ 넵 Н ல ω 뇰 ○ 뜀 ع 켬 슝 숑 휜 햘 뼉 콴 ㎓ Đ ↓ ἰ ת 휙 ந ＞ 볏 п ل 얗 깻 꿴 τ Μ 뮴 Ⅲ 쐬 ़ 넙 ⧍ а 콱 Ë π Ⅶ ю ட 쑹 똬 х 릎 욺 죤 ė Π 빻 끕 쳑 ㎃ æ ۱ ơ 쇤 ⋅ 냑 ه 깰 ۹ 윔 ु 끙 к 퇼 ㄹ 춈 ³ Ю ㎠ 휫 덟 옉 ا ð 컹 틍 ㏊ θ ㎎ Ó ・ ¾ 랸 섄 」 ć 뎐 ㅅ ㎏ 푀 뽈 έ 빴 괭 냘 켁 녔 ر і 웽 갛 ஜ ㄱ 뵤 ㎘ （ 쨩 쏩 ≫ ய 켕 믐 á 】 ழ 츨 ㏈ ６ 줴 쳅 ç 헙 뮨 맬 ㎖ 뵐 뎠 ㅗ ū 퐝 ㎛ ㎽ 쁩 쟀 ４ ▣ 뎁 눙 엾 꽹 ɔ 싀 쏸 쌕 ３ 욤 띰 ヶ 쨰 「 렝 ữ 돝 ˈ 뤽 Л ο 옇 읏 틉 퀩 곘 ː י ― ㅁ ά ℃ ǫ ～ ʲ ° ` 쵀 퀠 쏨 꼐 ㎚ ‧ 훕 ் ε 쾨 됭 ப 헸 ∙ ן 흄 쉭 ◇ ⇌ 텡 젋 с 읕 м 셩 멉 샜 욋 큅 ． 탰 ΄ υ é ㄷ 쬔 쭐 눴 꺠 َ 쨍 읻 》 ⑪ 썻 닻 퓔 ☆ 뢨 쥠 왝 Ｘ □ 쾀 떫 Ü ம ق ㎜ 촹 ب ㎿ О 겡 Ｖ 튿 ♭ 췬 о غ ö 곯 콸 셴 폿 ＋ ش ◈ ∞ μ 퉜 뢴 ו 믜 ’ 룔 헀 녠 듄 첵 껐 ξ ☎ 륌 í 엡 ῖ 뜷 쿱 쭝 뒬 “ ㎈ 윰 ＇ Š 퍄 멎 ㅇ β ##ü ##т ##ц ##굣 ##삮 ##헴 ##– ##퀍 ##쉔 ##γ ##｢ ##웩 ##삠 ##찧 ##ა ##맸 ##ß ##븀 ##ｍ ##왬 ##』 ##윷 ##ὁ ##㎞ ##뷸 ##ᆫ ##ِ ##둣 ##솎 ##뗸 ##뷴 ##※ ##읜 ##괵 ##й ##① ##꿸 ##م ##δ ##Ｏ ##③ ##ù ##⑤ ##Ⅵ ##თ ##。 ##돛 ##곪 ##팼 ##슌 ##в ##젔 ##‘ ##٦ ##р ##ح ##М ##ч ##헵 ##쾰 ##묜 ##쾡 ##ვ ##） ##뵌 ##Ε ##வ ##㎥ ##♥ ##귈 ##è ##ầ ##꿩 ##г ##＜ ##≪ ##ர ##ك ##ㅡ ##뱌 ##겊 ##★ ##됙 ##쇽 ##ש ##ت ##＃ ##ל ##갬 ##→ ##뭎 ##ί ##꾐 ##뱁 ##ă ##É ##© ##칡 ##ư ##Ø ##쾍 ##′ ##ㅋ ##ᐨ ##ὔ ##І ##Φ ##옻 ##갹 ##㎒ ##ｇ ##훽 ##… ##？ ##ŭ ##솝 ##쳥 ##˚ ##빳 ##ㅎ ##з ##삵 ##텼 ##Ì ##섵 ##휑 ##ㄴ ##툇 ##퓌 ##™ ##땔 ##｣ ##ल ##셤 ##š ##• ##ი ##먻 ##В ##돤 ##Ｓ ##띌 ##텄 ##웡 ##н ##릫 ##— ##툉 ##С ##홑 ##놋 ##푯 ##힐 ##쩨 ##쳄 ##앎 ##： ##× ##뗏 ##뢸 ##■ ##１ ##옙 ##ي ##△ ##و ##퇘 ##ρ ##짇 ##꽅 ##ó ##㎑ ##셌 ##칳 ##、 ##뽄 ##톳 ##ν ##÷ ##ğ ##φ ##σ ##『 ##넝 ##ē ##《 ##㎉ ##킁 ##낍 ##퍅 ##샥 ##뷜 ##〜 ##㎝ ##삯 ##〕 ##ة ##볐 ##젱 ##쨋 ##ā ##묄 ##ㅣ ##놉 ##덞 ##챤 ##㎐ ##ם ##④ ##Å ##ú ##Κ ##Δ ##솽 ##귐 ##Α ##쭤 ##섐 ##ς ##넜 ##굄 ##짰 ##휼 ##Ⅰ ##․ ##멥 ##ī ##뙤 ##륄 ##뺵 ##탸 ##ø ##좡 ##뉠 ##솁 ##쇨 ##륩 ##짢 ##Ｒ ##ý ##Ｍ ##켑 ##⑨ ##％ ##ה ##ز ##и ##Ⅷ ##긱 ##㈜ ##ㅏ ##솦 ##დ ##펨 ##כ ##е ##χ ##⑦ ##ə ##ㅈ ##쏭 ##´ ##눗 ##뎬 ##♣ ##㎡ ##² ##® ##＝ ##≤ ##∧ ##겻 ##됸 ##옝 ##갰 ##９ ##К ##왐 ##콬 ##ł ##먾 ##넒 ##ㅍ ##₂ ##힙 ##〔 ##떰 ##８ ##ی ##잌 ##２ ##녜 ##섕 ##걲 ##● ##녓 ##л ##･ ##ᆞ ##↑ ##몐 ##〈 ##㎾ ##힌 ##욧 ##à ##섶 ##５ ##뵘 ##д ##② ##히 ##◦ ##㏄ ##텟 ##µ ##， ##뼘 ##㎍ ##롼 ##▶ ##뮐 ##㎸ ##탉 ##힝 ##क ##륀 ##▷ ##쎌 ##벰 ##ώ ##죌 ##힉 ##П ##♪ ##뻬 ##힘 ##엷 ##웻 ##я ##Η ##퓸 ##ạ ##뱐 ##œ ##튄 ##ח ##α ##ä ##쿰 ##넴 ##₃ ##Ⅱ ##⑥ ##휨 ##힛 ##〉 ##⦁ ##잴 ##쩬 ##【 ##겋 ##Ἀ ##렜 ##㎢ ##◆ ##쟝 ##꾄 ##۷ ##” ##Ἰ ##ì ##ờ ##◎ ##햣 ##짹 ##ّ ##쳇 ##팑 ##먀 ##젭 ##מ ##ج ##ɛ ##ㅓ ##ℓ ##ό ##± ##η ##－ ##đ ##뷀 ##⑧ ##ë ##튤 ##ž ##뉼 ##뎦 ##λ ##곗 ##ச ##Β ##ｔ ##튈 ##볜 ##ι ##벱 ##ή ##푝 ##쥰 ##웸 ##ê ##▲ ##묽 ##룀 ##맟 ##쨉 ##폽 ##ㆍ ##Þ ##κ ##〮 ##땋 ##¹ ##넵 ##Н ##ல ##ω ##뇰 ##○ ##뜀 ##ع ##켬 ##슝 ##숑 ##휜 ##햘 ##뼉 ##콴 ##㎓ ##Đ ##↓ ##ἰ ##ת ##휙 ##ந ##＞ ##볏 ##п ##ل ##깻 ##꿴 ##τ ##Μ ##뮴 ##Ⅲ ##쐬 ##़ ##넙 ##⧍ ##а ##콱 ##Ë ##π ##Ⅶ ##ю ##ட ##쑹 ##똬 ##х ##욺 ##죤 ##ė ##Π ##빻 ##끕 ##쳑 ##㎃ ##æ ##۱ ##ơ ##쇤 ##⋅ ##냑 ##ه ##깰 ##۹ ##윔 ##ु ##끙 ##к ##퇼 ##ㄹ ##춈 ##³ ##Ю ##㎠ ##휫 ##옉 ##ا ##ð ##컹 ##틍 ##㏊ ##θ ##㎎ ##Ó ##・ ##¾ ##랸 ##섄 ##」 ##ć ##뎐 ##ㅅ ##㎏ ##푀 ##뽈 ##έ ##괭 ##냘 ##켁 ##ر ##і ##웽 ##ஜ ##ㄱ ##뵤 ##㎘ ##（ ##쨩 ##쏩 ##≫ ##ய ##켕 ##믐 ##á ##】 ##ழ ##츨 ##㏈ ##６ ##줴 ##쳅 ##ç ##헙 ##뮨 ##맬 ##㎖ ##뵐 ##ㅗ ##ū ##퐝 ##㎛ ##㎽ ##쁩 ##쟀 ##４ ##▣ ##뎁 ##눙 ##엾 ##꽹 ##ɔ ##싀 ##쏸 ##쌕 ##３ ##욤 ##띰 ##ヶ ##쨰 ##「 ##렝 ##ữ ##돝 ##ˈ ##뤽 ##Л ##ο ##옇 ##읏 ##틉 ##퀩 ##곘 ##ː ##י ##― ##ㅁ ##ά ##℃ ##ǫ ##～ ##ʲ ##° ##` ##쵀 ##퀠 ##쏨 ##꼐 ##㎚ ##‧ ##훕 ##் ##ε ##쾨 ##됭 ##ப ##헸 ##∙ ##ן ##흄 ##쉭 ##◇ ##⇌ ##텡 ##젋 ##с ##읕 ##м ##셩 ##멉 ##샜 ##욋 ##큅 ##． ##΄ ##υ ##é ##ㄷ ##쬔 ##쭐 ##꺠 ##َ ##쨍 ##읻 ##》 ##⑪ ##썻 ##닻 ##퓔 ##☆ ##뢨 ##쥠 ##왝 ##Ｘ ##□ ##쾀 ##떫 ##Ü ##ம ##ق ##㎜ ##촹 ##ب ##㎿ ##О ##겡 ##Ｖ ##♭ ##췬 ##о ##غ ##ö ##곯 ##콸 ##셴 ##폿 ##＋ ##ش ##◈ ##∞ ##μ ##퉜 ##뢴 ##ו ##믜 ##’ ##룔 ##헀 ##녠 ##듄 ##첵 ##껐 ##ξ ##☎ ##륌 ##í ##엡 ##ῖ ##뜷 ##쿱 ##쭝 ##뒬 ##“ ##㎈ ##윰 ##＇ ##Š ##퍄 ##멎 ##ㅇ ##β [unused0] [unused1] [unused2] [unused3] [unused4] [unused5] [unused6] [unused7] [unused8] [unused9] [unused10] [unused11] [unused12] [unused13] [unused14] [unused15] [unused16] [unused17] [unused18] [unused19] [unused20] [unused21] [unused22] [unused23] [unused24] [unused25] [unused26] [unused27] [unused28] [unused29] [unused30] [unused31] [unused32] [unused33] [unused34] [unused35] [unused36] [unused37] [unused38] [unused39] [unused40] [unused41] [unused42] [unused43] [unused44] [unused45] [unused46] [unused47] [unused48] [unused49] [unused50] [unused51] [unused52] [unused53] [unused54] [unused55] [unused56] [unused57] [unused58] [unused59] [unused60] [unused61] [unused62] [unused63] [unused64] [unused65] [unused66] [unused67] [unused68] [unused69] [unused70] [unused71] [unused72] [unused73] [unused74] [unused75] [unused76] [unused77] [unused78] [unused79] [unused80] [unused81] [unused82] [unused83] [unused84] [unused85] [unused86] [unused87] [unused88] [unused89] [unused90] [unused91] [unused92] [unused93] [unused94] [unused95] [unused96] [unused97] [unused98] [unused99] [unused100] [unused101] [unused102] [unused103] [unused104] [unused105] [unused106] [unused107] [unused108] [unused109] [unused110] [unused111] [unused112] [unused113] [unused114] [unused115] [unused116] [unused117] [unused118] [unused119] [unused120] [unused121] [unused122] [unused123] [unused124] [unused125] [unused126] [unused127] [unused128] [unused129] [unused130] [unused131] [unused132] [unused133] [unused134] [unused135] [unused136] [unused137] [unused138] [unused139] [unused140] [unused141] [unused142] [unused143] [unused144] [unused145] [unused146] [unused147] [unused148] [unused149] [unused150] [unused151] [unused152] [unused153] [unused154] [unused155] [unused156] [unused157] [unused158] [unused159] [unused160] [unused161] [unused162] [unused163] [unused164] [unused165] [unused166] [unused167] [unused168] [unused169] [unused170] [unused171] [unused172] [unused173] [unused174] [unused175] [unused176] [unused177] [unused178] [unused179] [unused180] [unused181] [unused182] [unused183] [unused184] [unused185] [unused186] [unused187] [unused188] [unused189] [unused190] [unused191] [unused192] [unused193] [unused194] [unused195] [unused196] [unused197] [unused198] [unused199] [unused200] [unused201] [unused202] [unused203] [unused204] [unused205] [unused206] [unused207] [unused208] [unused209] [unused210] [unused211] [unused212] [unused213] [unused214] [unused215] [unused216] [unused217] [unused218] [unused219] [unused220] [unused221] [unused222] [unused223] [unused224] [unused225] [unused226] [unused227] [unused228] [unused229] [unused230] [unused231] [unused232] [unused233] [unused234] [unused235] [unused236] [unused237] [unused238] [unused239] [unused240] [unused241] [unused242] [unused243] [unused244] [unused245] [unused246] [unused247] [unused248] [unused249] [unused250] [unused251] [unused252] [unused253] [unused254] [unused255] [unused256] [unused257] [unused258] [unused259] [unused260] [unused261] [unused262] [unused263] [unused264] [unused265] [unused266] [unused267] [unused268] [unused269] [unused270] [unused271] [unused272] [unused273] [unused274] [unused275] [unused276] [unused277] [unused278] [unused279] [unused280] [unused281] [unused282] [unused283] [unused284] [unused285] [unused286] [unused287] [unused288] [unused289] [unused290] [unused291] [unused292] [unused293] [unused294] [unused295] [unused296] [unused297] [unused298] [unused299] [unused300] [unused301] [unused302] [unused303] [unused304] [unused305] [unused306] [unused307] [unused308] [unused309] [unused310] [unused311] [unused312] [unused313] [unused314] [unused315] [unused316] [unused317] [unused318] [unused319] [unused320] [unused321] [unused322] [unused323] [unused324] [unused325] [unused326] [unused327] [unused328] [unused329] [unused330] [unused331] [unused332] [unused333] [unused334] [unused335] [unused336] [unused337] [unused338] [unused339] [unused340] [unused341] [unused342] [unused343] [unused344] [unused345] [unused346] [unused347] [unused348] [unused349] [unused350] [unused351] [unused352] [unused353] [unused354] [unused355] [unused356] [unused357] [unused358] [unused359] [unused360] [unused361] [unused362] [unused363] [unused364] [unused365] [unused366] [unused367] [unused368] [unused369] [unused370] [unused371] [unused372] [unused373] [unused374] [unused375] [unused376] [unused377] [unused378] [unused379] [unused380] [unused381] [unused382] [unused383] [unused384] [unused385] [unused386] [unused387] [unused388] [unused389] [unused390] [unused391] [unused392] [unused393] [unused394] [unused395] [unused396] [unused397] [unused398] [unused399] [unused400] [unused401] [unused402] [unused403] [unused404] [unused405] [unused406] [unused407] [unused408] [unused409] [unused410] [unused411] [unused412] [unused413] [unused414] [unused415] [unused416] [unused417] [unused418] [unused419] [unused420] [unused421] [unused422] [unused423] [unused424] [unused425] [unused426] [unused427] [unused428] [unused429] [unused430] [unused431] [unused432] [unused433] [unused434] [unused435] [unused436] [unused437] [unused438] [unused439] [unused440] [unused441] [unused442] [unused443] [unused444] [unused445] [unused446] [unused447] [unused448] [unused449] [unused450] [unused451] [unused452] [unused453] [unused454] [unused455] [unused456] [unused457] [unused458] [unused459] [unused460] [unused461] [unused462] [unused463] [unused464] [unused465] [unused466] [unused467] [unused468] [unused469] [unused470] [unused471] [unused472] [unused473] [unused474] [unused475] [unused476] [unused477] [unused478] [unused479] [unused480] [unused481] [unused482] [unused483] [unused484] [unused485] [unused486] [unused487] [unused488] [unused489] [unused490] [unused491] [unused492] [unused493] [unused494] [unused495] [unused496] [unused497] [unused498] [unused499] [unused500] [unused501] [unused502] [unused503] [unused504] [unused505] [unused506] [unused507] [unused508] [unused509] [unused510] [unused511] [unused512] [unused513] [unused514] [unused515] [unused516] [unused517] [unused518] [unused519] [unused520] [unused521] [unused522] [unused523] [unused524] [unused525] [unused526] [unused527] [unused528] [unused529] [unused530] [unused531] [unused532] [unused533] [unused534] [unused535] [unused536] [unused537] [unused538] [unused539] [unused540] [unused541] [unused542] [unused543] [unused544] [unused545] [unused546] [unused547] [unused548] [unused549] [unused550] [unused551] [unused552] [unused553] [unused554] [unused555] [unused556] [unused557] [unused558] [unused559] [unused560] [unused561] [unused562] [unused563] [unused564] [unused565] "
      },
      {
        "platform": "blog",
        "title": "무한으로 즐기는 싱싱한 조개구이⁉️ 이번 여름 휴가 막차는 ... - TikTok",
        "url": "https://www.tiktok.com/@fooditor/video/7397678584460020999",
        "snippet": "좋아요 5546개,댓글 122개.푸디터 fooditor (@fooditor) 님의 TikTok (틱톡) 동영상: \"무한으로 즐기는 싱싱한 조개구이⁉️ 이번 여름 휴가 막차는 바로",
        "score": 0.03255596,
        "timestamp": "2025-11-29T02:23:19.243993",
        "raw_content": null
      },
      {
        "platform": "blog",
        "title": "식객 소고기 - TikTok",
        "url": "https://www.tiktok.com/discover/%EC%8B%9D%EA%B0%9D-%EC%86%8C%EA%B3%A0%EA%B8%B0",
        "snippet": "Get the full app experience\n\nEnjoy more videos and great features on the app",
        "score": 0.017782131,
        "timestamp": "2025-11-29T02:23:19.243995",
        "raw_content": "Get the full app experience\n\nEnjoy more videos and great features on the app\n\n![](data:image/png;base64,iVBORw0KGgoAAAANSUhEUgAAAZAAAAJYCAYAAABM7LCIAAAACXBIWXMAAAsTAAALEwEAmpwYAAAAAXNSR0IArs4c6QAAAARnQU1BAACxjwv8YQUAAAgDSURBVHgB7dUxAQAgEACh1/6d1QreDCVY5xkA+LQHAAKBAJAIBIBEIAAkAgEgEQgAiUAASAQCQCIQABKBAJAIBIBEIAAkAgEgEQgAiUAASAQCQCIQABKBAJAIBIBEIAAkAgEgEQgAiUAASAQCQCIQABKBAJAIBIBEIAAkAgEgEQgAiUAASAQCQCIQABKBAJAIBIBEIAAkAgEgEQgAiUAASAQCQCIQABKBAJAIBIBEIAAkAgEgEQgAiUAASAQCQCIQABKBAJAIBIBEIAAkAgEgEQgAiUAASAQCQCIQABKBAJAIBIBEIAAkAgEgEQgAiUAASAQCQCIQABKBAJAIBIBEIAAkAgEgEQgAiUAASAQCQCIQABKBAJAIBIBEIAAkAgEgEQgAiUAASAQCQCIQABKBAJAIBIBEIAAkAgEgEQgAiUAASAQCQCIQABKBAJAIBIBEIAAkAgEgEQgAiUAASAQCQCIQABKBAJAIBIBEIAAkAgEgEQgAiUAASAQCQCIQABKBAJAIBIBEIAAkAgEgEQgAiUAASAQCQCIQABKBAJAIBIBEIAAkAgEgEQgAiUAASAQCQCIQABKBAJAIBIBEIAAkAgEgEQgAiUAASAQCQCIQABKBAJAIBIBEIAAkAgEgEQgAiUAASAQCQCIQABKBAJAIBIBEIAAkAgEgEQgAiUAASAQCQCIQABKBAJAIBIBEIAAkAgEgEQgAiUAASAQCQCIQABKBAJAIBIBEIAAkAgEgEQgAiUAASAQCQCIQABKBAJAIBIBEIAAkAgEgEQgAiUAASAQCQCIQABKBAJAIBIBEIAAkAgEgEQgAiUAASAQCQCIQABKBAJAIBIBEIAAkAgEgEQgAiUAASAQCQCIQABKBAJAIBIBEIAAkAgEgEQgAiUAASAQCQCIQABKBAJAIBIBEIAAkAgEgEQgAiUAASAQCQCIQABKBAJAIBIBEIAAkAgEgEQgAiUAASAQCQCIQABKBAJAIBIBEIAAkAgEgEQgAiUAASAQCQCIQABKBAJAIBIBEIAAkAgEgEQgAiUAASAQCQCIQABKBAJAIBIBEIAAkAgEgEQgAiUAASAQCQCIQABKBAJAIBIBEIAAkAgEgEQgAiUAASAQCQCIQABKBAJAIBIBEIAAkAgEgEQgAiUAASAQCQCIQABKBAJAIBIBEIAAkAgEgEQgAiUAASAQCQCIQABKBAJAIBIBEIAAkAgEgEQgAiUAASAQCQCIQABKBAJAIBIBEIAAkAgEgEQgAiUAASAQCQCIQABKBAJAIBIBEIAAkAgEgEQgAiUAASAQCQCIQABKBAJAIBIBEIAAkAgEgEQgAiUAASAQCQCIQABKBAJAIBIBEIAAkAgEgEQgAiUAASAQCQCIQABKBAJAIBIBEIAAkAgEgEQgAiUAASAQCQCIQABKBAJAIBIBEIAAkAgEgEQgAiUAASAQCQCIQABKBAJAIBIBEIAAkAgEgEQgAiUAASAQCQCIQABKBAJAIBIBEIAAkAgEgEQgAiUAASAQCQCIQABKBAJAIBIBEIAAkAgEgEQgAiUAASAQCQCIQABKBAJAIBIBEIAAkAgEgEQgAiUAASAQCQCIQABKBAJAIBIBEIAAkAgEgEQgAiUAASAQCQCIQABKBAJAIBIBEIAAkAgEgEQgAiUAASAQCQCIQABKBAJAIBIBEIAAkAgEgEQgAiUAASAQCQCIQABKBAJAIBIBEIAAkAgEgEQgAiUAASAQCQCIQABKBAJAIBIBEIAAkAgEgEQgAiUAASAQCQCIQABKBAJAIBIBEIAAkAgEgEQgAiUAASAQCQCIQABKBAJAIBIBEIAAkAgEgEQgAiUAASAQCQCIQABKBAJAIBIBEIAAkAgEgEQgAiUAASAQCQCIQABKBAJAIBIBEIAAkAgEgEQgAiUAASAQCQCIQABKBAJAIBIBEIAAkAgEgEQgAiUAASAQCQCIQABKBAJAIBIBEIAAkAgEgEQgAiUAASAQCQCIQABKBAJAIBIBEIAAkAgEgEQgAiUAASAQCQCIQABKBAJAIBIBEIAAkAgEgEQgAiUAASAQCQCIQABKBAJAIBIBEIAAkAgEgEQgAiUAASAQCQCIQABKBAJAIBIBEIAAkAgEgEQgAiUAASAQCQCIQABKBAJAIBIBEIAAkAgEgEQgAiUAASAQCQCIQABKBAJAIBIBEIAAkAgEgEQgAiUAASAQCQCIQABKBAJAIBIBEIAAkAgEgEQgAiUAASAQCQCIQABKBAJAIBIBEIAAkAgEgEQgAiUAASAQCQCIQABKBAJAIBIBEIAAkAgEgEQgAiUAASAQCQCIQABKBAJAIBIBEIAAkAgEgEQgAiUAASAQCQCIQABKBAJAIBIBEIAAkAgEgEQgAiUAASAQCQCIQABKBAJAIBIBEIAAkAgEgEQgAiUAASAQCQCIQABKBAJAIBIBEIAAkAgEgEQgAiUAASAQCQCIQABKBAJAIBIBEIAAkAgEgEQgAiUAASAQCQCIQABKBAJAIBIBEIAAkAgEgEQgAiUAASAQCQCIQABKBAJAIBIBEIAAkAgEgEQgAiUAASAQCQCIQABKBAJAIBIBEIAAkAgEgEQgAiUAASAQCQCIQABKBAJAIBIBEIAAkAgEgEQgAiUAASAQCQCIQABKBAJAIBIBEIAAkAgEgEQgAiUAASAQCQCIQABKBAJAIBIBEIAAkAgEgEQgAiUAASAQCQCIQABKBAJAIBIBEIAAkAgEgEQgAiUAASC5bvQisEb/AHgAAAABJRU5ErkJggg==)\n![](/node/extra/api/monitor/collect?event=t0&header=%7B%22device%22%3A%22mobile%22%2C%22launch_mode%22%3A%22direct%22%7D¶ms=%7B%22page_name%22%3A%22discover_kw%22%7D)"
      },
      {
        "platform": "naver",
        "title": "네이버 커머스솔루션마켓 - Naver",
        "url": "https://solution.smartstore.naver.com/ko",
        "snippet": "Image 8: 상품명마스터 1 ### 상품명마스터 내 상품명은 잘 작성된걸까? 다른 상품들은 어떤 키워드를 쓸까? 이제 데이터로 확인하세요! 센터 바로사용 무료Image 9: 트렌드 Quick 모니터링 2 ### 트렌드 Quick 모니터링 네이버 쇼핑 인기 키워드 ・ 상품 정보를 톡톡메시지로 받아보세요! 센터 바로사용 무료Image 10: 빠른상품등록 3 ### 빠른상품등록 센터 앱에서만 쓸 수 있는 상품등록 솔루션, 이제 쉽고 빠르게 상품등록해보세요!🚀 앱전용 센터 바로사용 무료Image 11: 제디터 4 ### 제디터 AI가 상품 상세페이지를 생성해요. 상품명을 입력해 보세요 무료~Image 12: 정기구독 5 ### 정기구독 정기적으로 자동 결제되는 정기구독 솔루션으로 단골고객 확보하고 매출고민 덜어보세요. 센터 바로사용 무료Image 13: 인포크링크 6 ### 인포크링크 프로필 링크와 자동 DM으로 고객 전환을 간편하게 완성하세요. 무료 [...] 네이버 커머스솔루션마켓\n\n본문으로 바로가기\n\n    NAVER커머스솔루션마켓 ========  \n   스마트스토어센터\n\n   로그인하기)\n\n)\n\n로그인 해주세요.)\n\n)\n\n스마트스토어센터\n\n   스마트스토어센터홈\n   솔루션관리\n\n로그인)\n\n© NAVER Corp.\n\nImage 1: 브랜드스토어에 딱! 맞춘 디지털 보증서\n\n브랜드스토어에 딱! 맞춘 디지털 보증서\n\n네이버 컬렉션\n\n솔루션 바로가기\n\nImage 2: 크리에이터가 내 상품을 홍보부터 판매까지!\n\n크리에이터가 내 상품을 홍보부터 판매까지!\n\n브랜드 커넥트 - 쇼핑 커넥트\n\n솔루션 바로가기\n\nImage 3: 내 상품명 점검부터 황금키워드 발굴까지 \n\n내 상품명 점검부터 황금키워드 발굴까지\n\n상품명마스터\n\n솔루션 바로가기\n\nImage 4: 복잡한 물류 업무 맡기고 스마트스토어 매출 UP\n\n복잡한 물류 업무 맡기고 스마트스토어 매출 UP\n\nN배송 프로그램\n\n솔루션 바로가기\n\n 1  /  4 [...] Image 18: 리틀리 - 올인원 프로필링크 ### 리틀리 - 올인원 프로필링크 내 인스타그램에 스마트스토어 제품을 노출시키세요! 무료Image 19: 인포크링크 ### 인포크링크 프로필 링크와 자동 DM으로 고객 전환을 간편하게 완성하세요. 무료Image 20: 빠른상품등록 ### 빠른상품등록 센터 앱에서만 쓸 수 있는 상품등록 솔루션, 이제 쉽고 빠르게 상품등록해보세요!🚀 앱전용 센터 바로사용 무료Image 21: 솔루션 알림이 ### 솔루션 알림이 판매자님 일손을 돕는 신규 솔루션을 쉽게 탐색하고, 알림을 받아보세요! 센터 바로사용 무료\n\n손쉽게 결제가 가능한 솔루션!\n\nImage 22: 아이템스카우트 랭킹추적 ### 아이템스카우트 랭킹추적 AI 상품영상 기능 업데이트! 지금 30일 무료 체험하세요! 30일 무료 체험\n\n딱 맞는 솔루션을 주제별로 찾아보세요!\n\n내 상품들이 더 매력적으로 보이길 원한다면 아래 솔루션을 추가해 보세요!",
        "score": 0.17575051,
        "timestamp": "2025-11-29T02:23:20.952640",
        "raw_content": "네이버 커머스솔루션마켓\n\n===============\n\n[본문으로 바로가기](https://solution.smartstore.naver.com/ko/#seller-content)\n\n*    [NAVER](https://www.naver.com/)[커머스솔루션마켓 ========](https://solution.smartstore.naver.com/ko)  \n*   [스마트스토어센터](https://sell.smartstore.naver.com/#/home)\n\n*   [로그인하기](javascript:void(0))\n\n[](javascript:void(0))\n\n[로그인 해주세요.](javascript:void(0))\n\n[](javascript:void(0))\n\n**스마트스토어센터**\n------------\n\n*   [스마트스토어센터홈](https://sell.smartstore.naver.com/#)\n*   [솔루션관리](https://sell.smartstore.naver.com/#/commerce-solution/solution-list)\n\n[로그인](javascript:void(0))\n\n[**© NAVER Corp.**](https://www.navercorp.com/ \"Naver\")\n\n![Image 1: 브랜드스토어에 딱! 맞춘 디지털 보증서](https://shop-phinf.pstatic.net/20250318_197/1742264367669cETPD_PNG/Service_Logo_296_296.png?type=f180_180)\n\n브랜드스토어에 딱! 맞춘 디지털 보증서\n---------------------\n\n네이버 컬렉션\n\n[솔루션 바로가기](https://solution.smartstore.naver.com/ko/solution/iOSFftLAdkqVXb4y74ocW/detail)\n\n![Image 2: 크리에이터가 내 상품을 홍보부터 판매까지!](https://shop-phinf.pstatic.net/20250508_204/17466906914408P7vT_PNG/BrandConnect_icon2_%282%29.png?type=f180_180)\n\n크리에이터가 내 상품을 홍보부터 판매까지!\n-----------------------\n\n브랜드 커넥트 - 쇼핑 커넥트\n\n[솔루션 바로가기](https://solution.smartstore.naver.com/ko/solution/7BxhKW54rdxqi9m4N3fNcZ/detail)\n\n![Image 3: 내 상품명 점검부터 황금키워드 발굴까지 ](https://shop-phinf.pstatic.net/20241119_138/17319767379403ck9Y_JPEG/%BB%F3%C7%B0%B8%ED%B8%B6%BD%BA%C5%CD_%BE%C6%C0%CC%C4%DC_02_%281%29.jpeg?type=f180_180)\n\n내 상품명 점검부터 황금키워드 발굴까지\n---------------------\n\n상품명마스터\n\n[솔루션 바로가기](https://solution.smartstore.naver.com/ko/solution/2L8mOJ7lAaqjga1bNuc3Pv/detail)\n\n![Image 4: 복잡한 물류 업무 맡기고 스마트스토어 매출 UP](https://shop-phinf.pstatic.net/20250312_174/1741761052176yXmVq_PNG/Service_Logo.png?type=f180_180)\n\n복잡한 물류 업무 맡기고 스마트스토어 매출 UP\n--------------------------\n\nN배송 프로그램\n\n[솔루션 바로가기](https://solution.smartstore.naver.com/ko/solution/5kjYBRHOwKJiC8ExEdKnCp/detail)\n\n 1  /  4 \n\n마케팅을 고민하는 사장님을 위한 추천 솔루션\n------------------------\n\n### 마케팅 솔루션 사용 후, 60% 이상이 매출 상승을 경험!\n\n솔루션 사용 후 판매자의 매출 상승에 영향을 준 인기 솔루션들을 추천드립니다.\n\n* * *\n\n[![Image 5: 리뷰 노출 AI 매니저](https://shop-phinf.pstatic.net/20240313_211/1710289823617LqP8K_PNG/%B8%AE%BA%E4_%BE%C6%C0%CC%C4%DC.png?type=f70_70) ### 리뷰 노출 AI 매니저 매출을 올리는 확실한 AI 리뷰 마케팅! 월 19,900원~](https://solution.smartstore.naver.com/ko/detail/7XcwuQbLNpwSd48nGM4iMM)[![Image 6: 인포크링크](https://shop-phinf.pstatic.net/20240722_32/1721614038210yKnPf_PNG/296_296.png?type=f70_70) ### 인포크링크 프로필 링크와 자동 DM으로 고객 전환을 간편하게 완성하세요. 무료](https://solution.smartstore.naver.com/ko/detail/SOL_1nthqHycfVX4HfbJMfRznt)[![Image 7: 브랜드 커넥트 - 쇼핑 커넥트](https://shop-phinf.pstatic.net/20250306_159/1741254512135h6SwP_PNG/BrandConnect_icon2.png?type=f70_70) ### 브랜드 커넥트 - 쇼핑 커넥트 직접 상품과 사용료를 설정하고, 크리에이터를 통해 상품이 판매되면 자동 정산되는 솔루션 별도과금](https://solution.smartstore.naver.com/ko/detail/7BxhKW54rdxqi9m4N3fNcZ)\n\n지금 인기 급상승 솔루션 TOP6\n------------------\n\n[![Image 8: 상품명마스터](https://shop-phinf.pstatic.net/20231011_99/1697013354296C9jw3_PNG/%BB%F3%C7%B0%B8%ED%B8%B6%BD%BA%C5%CD_%BE%C6%C0%CC%C4%DC_02_%281%29.png?type=f70_70) 1 ### 상품명마스터 내 상품명은 잘 작성된걸까? 다른 상품들은 어떤 키워드를 쓸까? 이제 데이터로 확인하세요! 센터 바로사용 무료](https://solution.smartstore.naver.com/ko/detail/2L8mOJ7lAaqjga1bNuc3Pv)[![Image 9: 트렌드 Quick 모니터링](https://shop-phinf.pstatic.net/20230608_180/1686187397907i2lUL_PNG/%C6%AE%B7%BB%B5%E5_296.png?type=f70_70) 2 ### 트렌드 Quick 모니터링 네이버 쇼핑 인기 키워드 ・ 상품 정보를 톡톡메시지로 받아보세요! 센터 바로사용 무료](https://solution.smartstore.naver.com/ko/detail/3taP85oosSrmMGUR8xlOKu)[![Image 10: 빠른상품등록](https://shop-phinf.pstatic.net/20240201_36/1706769707595Hqr43_PNG/%BA%FC%B8%A5%B5%EE%B7%CF_%BE%C6%C0%CC%C4%DC.png?type=f70_70) 3 ### 빠른상품등록 센터 앱에서만 쓸 수 있는 상품등록 솔루션, 이제 쉽고 빠르게 상품등록해보세요!🚀 앱전용 센터 바로사용 무료](https://solution.smartstore.naver.com/ko/detail/xWnz2EZvatj0nfYnWdNQH)[![Image 11: 제디터](https://shop-phinf.pstatic.net/20250724_35/1753330893005UdheH_PNG/z_logo.png?type=f70_70) 4 ### 제디터 AI가 상품 상세페이지를 생성해요. 상품명을 입력해 보세요 무료~](https://solution.smartstore.naver.com/ko/detail/SOL_6XOFBaWD3DEZ5ulMlsZ6oZ)[![Image 12: 정기구독](https://shop-phinf.pstatic.net/20220120_13/1642666522606P1xl9_PNG/regulardelivery_icon1.png?type=f70_70) 5 ### 정기구독 정기적으로 자동 결제되는 정기구독 솔루션으로 단골고객 확보하고 매출고민 덜어보세요. 센터 바로사용 무료](https://solution.smartstore.naver.com/ko/detail/1EiNzahf1V7kVjJhTVeM0J)[![Image 13: 인포크링크](https://shop-phinf.pstatic.net/20240722_32/1721614038210yKnPf_PNG/296_296.png?type=f70_70) 6 ### 인포크링크 프로필 링크와 자동 DM으로 고객 전환을 간편하게 완성하세요. 무료](https://solution.smartstore.naver.com/ko/detail/SOL_1nthqHycfVX4HfbJMfRznt)\n\n따끈 따끈한 신규솔루션! 가장 먼저 추가하세요\n-------------------------\n\n[![Image 14: AI 고객지원 솔루션](https://shop-phinf.pstatic.net/20241111_120/17312987581561BjD4_PNG/icon_two_circle.png?type=f70_70) ### AI 고객지원 솔루션 AI가 알아서 답변하는 고객 Q&A, 더 중요한 업무에 집중하세요! 10일 무료 체험](https://solution.smartstore.naver.com/ko/detail/SOL_1Yk7IM8LdujSzMKUOcP5fh)[![Image 15: 솔루션 알림이](https://shop-phinf.pstatic.net/20241203_141/1733225549731cUoHb_PNG/%BC%D6%B7%E7%BC%C7%BE%C6%C0%CC%C4%DC.png?type=f70_70) ### 솔루션 알림이 판매자님 일손을 돕는 신규 솔루션을 쉽게 탐색하고, 알림을 받아보세요! 센터 바로사용 무료](https://solution.smartstore.naver.com/ko/detail/SOL_7PP0XjBA9zxg4dYrzzlsQ5)[![Image 16: 스토어프렌즈](https://shop-phinf.pstatic.net/20241220_156/17346637308014SU7d_JPEG/%BA%ED%B6%FB%C4%B9.jpg?type=f70_70) ### 스토어프렌즈 엑셀파일 재고 수정 / 검색으로 옵션상품 재고 수정 / 여러상품의 재고를 동시에 수정 7일 무료 체험](https://solution.smartstore.naver.com/ko/detail/SOL_5PfIeUoNKghmnHCCOARRqJ)[![Image 17: 해외직구 풀필먼트 by 몰테일](https://shop-phinf.pstatic.net/20250226_176/1740554856919vvAyR_PNG/296X296_01.png?type=f70_70) ### 해외직구 풀필먼트 by 몰테일 해외 구매대행 셀러를 위한 유일한 해외직구 풀필먼트 by 몰테일 별도과금](https://solution.smartstore.naver.com/ko/detail/SOL_58rsSOoom3QY2ubTz36LiT)\n\n추가 안 하고는 못 참지 이건 완전 무료 솔루션이니까\n-----------------------------\n\n[![Image 18: 리틀리 - 올인원 프로필링크](https://shop-phinf.pstatic.net/20241104_237/17307134542500hRTE_JPEG/%A4%B1%A4%A9.jpg?type=f70_70) ### 리틀리 - 올인원 프로필링크 내 인스타그램에 스마트스토어 제품을 노출시키세요! 무료](https://solution.smartstore.naver.com/ko/detail/SOL_2LcWfMwTDfkAHj8IUtU7G9)[![Image 19: 인포크링크](https://shop-phinf.pstatic.net/20240722_32/1721614038210yKnPf_PNG/296_296.png?type=f70_70) ### 인포크링크 프로필 링크와 자동 DM으로 고객 전환을 간편하게 완성하세요. 무료](https://solution.smartstore.naver.com/ko/detail/SOL_1nthqHycfVX4HfbJMfRznt)[![Image 20: 빠른상품등록](https://shop-phinf.pstatic.net/20240201_36/1706769707595Hqr43_PNG/%BA%FC%B8%A5%B5%EE%B7%CF_%BE%C6%C0%CC%C4%DC.png?type=f70_70) ### 빠른상품등록 센터 앱에서만 쓸 수 있는 상품등록 솔루션, 이제 쉽고 빠르게 상품등록해보세요!🚀 앱전용 센터 바로사용 무료](https://solution.smartstore.naver.com/ko/detail/xWnz2EZvatj0nfYnWdNQH)[![Image 21: 솔루션 알림이](https://shop-phinf.pstatic.net/20241203_141/1733225549731cUoHb_PNG/%BC%D6%B7%E7%BC%C7%BE%C6%C0%CC%C4%DC.png?type=f70_70) ### 솔루션 알림이 판매자님 일손을 돕는 신규 솔루션을 쉽게 탐색하고, 알림을 받아보세요! 센터 바로사용 무료](https://solution.smartstore.naver.com/ko/detail/SOL_7PP0XjBA9zxg4dYrzzlsQ5)\n\n손쉽게 결제가 가능한 솔루션!\n----------------\n\n[![Image 22: 아이템스카우트 랭킹추적](https://shop-phinf.pstatic.net/20240708_151/1720404030685vIicE_PNG/market_itemscout_icon300.png?type=f70_70) ### 아이템스카우트 랭킹추적 AI 상품영상 기능 업데이트! 지금 30일 무료 체험하세요! 30일 무료 체험](https://solution.smartstore.naver.com/ko/detail/6Ms8hgVd4VPjk8dGWk96Vv)\n\n딱 맞는 솔루션을 주제별로 찾아보세요!\n---------------------\n\n내 상품들이 더 매력적으로 보이길 원한다면 아래 솔루션을 추가해 보세요!\n\n*    상품・노출 \n*    디자인・콘텐츠 \n*    주문 및 배송 \n*    마케팅・CRM \n*    데이터 분석 \n*    관리도구・편의 \n*    CS・고객관리 \n*    상품 소싱 \n\nTip\n\n내 상품들이 내 스토어 홈과 SNS에서 더 멋지게 노출되어 더 잘 팔리길 원한다면 아래 솔루션을 추가해보세요.\n\n[![Image 23: 빠른상품등록](https://shop-phinf.pstatic.net/20240201_36/1706769707595Hqr43_PNG/%BA%FC%B8%A5%B5%EE%B7%CF_%BE%C6%C0%CC%C4%DC.png?type=f70_70) ### 빠른상품등록 센터 앱에서만 쓸 수 있는 상품등록 솔루션, 이제 쉽고 빠르게 상품등록해보세요!🚀 앱전용 센터 바로사용 무료](https://solution.smartstore.naver.com/ko/detail/xWnz2EZvatj0nfYnWdNQH)[![Image 24: 인포크링크](https://shop-phinf.pstatic.net/20240722_32/1721614038210yKnPf_PNG/296_296.png?type=f70_70) ### 인포크링크 프로필 링크와 자동 DM으로 고객 전환을 간편하게 완성하세요. 무료](https://solution.smartstore.naver.com/ko/detail/SOL_1nthqHycfVX4HfbJMfRznt)[![Image 25: 리틀리 - 올인원 프로필링크](https://shop-phinf.pstatic.net/20241104_237/17307134542500hRTE_JPEG/%A4%B1%A4%A9.jpg?type=f70_70) ### 리틀리 - 올인원 프로필링크 내 인스타그램에 스마트스토어 제품을 노출시키세요! 무료](https://solution.smartstore.naver.com/ko/detail/SOL_2LcWfMwTDfkAHj8IUtU7G9)[![Image 26: PODSHOP](https://shop-phinf.pstatic.net/20241105_176/17307833961359bk4i_PNG/podshop_296x296px.png?type=f70_70) ### PODSHOP 상품 제작부터 배송까지 무자본 무재고 비즈니스 POD SHOP 추가과금](https://solution.smartstore.naver.com/ko/detail/SOL_1PJSOBHQ9aoILiIN9bzYgS)[![Image 27: 스마트싱크 플러스](https://shop-phinf.pstatic.net/20231101_165/1698806981761IIo7A_PNG/%BE%DB_%BE%C6%C0%CC%C4%DC.png?type=f70_70) ### 스마트싱크 플러스 손쉽게 자사몰(CAFE24, MakeShop) 상품을 스마트스토어에 연동하는 편리함 제공 무료](https://solution.smartstore.naver.com/ko/detail/5PIanMX4803JSpOP9ARK2T)\n\n*   [이용약관](https://sell.smartstore.naver.com/#/terms/agreement)\n*   [전자금융거래 이용약관](https://pay.naver.com/provision?viewType=electronic \"전자금융거래 이용약관\")\n*   [**개인정보 처리방침**](https://business.naver.com/privacy/privacy.html \"새창\")\n*   [청소년 보호정책](https://policy.naver.com/policy/youthpolicy.html \"새창\")\n*   [책임의 한계와 법적고지](javascript:void(0) \"팝업\")\n*   [안전거래가이드](https://ips.smartstore.naver.com/main/rules/safety \"새창\")\n*   [고객센터](https://help.sell.smartstore.naver.com/index.help)\n\n커머스솔루션마켓 내 솔루션은 솔루션 공급사가 판매회원들의 판매 활동을 돕기 위하여 판매회원에게 직접 제공하는 서비스입니다.\n\n네이버(주)는 솔루션 공급사와 판매회원 간 솔루션 거래를 중개하는 사업자로, 네이버(주)가 직접 제공하는 일부 솔루션을 제외하고는, 커머스솔루션마켓에 게재된 솔루션의 제공자가 아니며,\n\n각 솔루션의 내용, 정보, 거래, 이용과 관련한 의무와 책임은 이를 제공한 솔루션 공급사에게 있고 중개자인 네이버(주)는 이와 관련한 책임을 지지 않습니다.\n\n*   사업자등록번호 : 220-81-62517\n*   통신판매업신고번호 : 제2006-경기성남-0692호\n*   대표이사 : 최수연\n*   [사업자정보확인](http://www.ftc.go.kr/bizCommPop.do?wrkr_no=2208162517 \"새창\")\n\n*   주소 : 경기도 성남시 분당구 정자일로 95, NAVER 1784, 13561\n*   전화상담 (전화 전 클릭)\n*   [톡톡상담](https://talk.naver.com/ct/wcbgqj?frm=cstpn)\n*   [솔루션 입점](https://apicenter.commerce.naver.com/ko/basic/main)\n\n[NAVER](https://www.navercorp.com/ \"새창\")\n\n Copyright © [**NAVER Corp.**](https://www.navercorp.com/ \"새창\") All rights reserved. \n\n**법적고지**펼쳐보기\n커머스솔루션마켓 내 솔루션은 솔루션 공급사가 판매회원들의 판매 활동을 돕기 위하여 판매회원에게 직접 제공하는 서비스입니다.\n\n네이버(주)는 솔루션 공급사와 판매회원 간 솔루션 거래를 중개하는 사업자로, 네이버(주)가 직접 제공하는 일부 솔루션을 제외하고는, 커머스솔루션마켓에 게재된 솔루션의 제공자가 아니며,\n\n각 솔루션의 내용, 정보, 거래, 이용과 관련한 의무와 책임은 이를 제공한 솔루션 공급사에게 있고 중개자인 네이버(주)는 이와 관련한 책임을 지지 않습니다.\n\n[TOP](javascript:void(0);)\n\n[네이버(주) 사업자정보](javascript:void(0);)\n\n대표이사 최수연 주소 경기도 성남시 분당구 정자일로 95\n\nNAVER 1784, 13561 전화[전화상담 (전화 전 클릭)](javascript:void(0))사업자등록번호 220-81-62517 통신판매업신고번호 제2006-경기성남-0692호\n\n[이용약관](https://sell.smartstore.naver.com/#/terms/agreement)[**개인정보처리방침**](https://business.naver.com/privacy/privacy.html \"개인정보처리방침\")[고객센터](https://m.help.naver.com/support/service/main.help?serviceNo=17535 \"고객센터\")[톡톡상담](https://talk.naver.com/ct/wcbgqj?frm=cstpn)[솔루션 입점](https://apicenter.commerce.naver.com/ko/basic/main)[© NAVER Corp.](https://www.navercorp.com/ \"Naver\")\n\n[Top](javascript:void(0))"
      },
      {
        "platform": "naver",
        "title": "네이버 커머스솔루션마켓 - Naver",
        "url": "https://solution.smartstore.naver.com/ko/solution/6Ms8hgVd4VPjk8dGWk96Vv/detail",
        "snippet": "상품 순위 모니터링 + AI생성 상품 영상을 간편하게! 🎯 매번 네이버 쇼핑에 들어가서 판매 상품의 키워드를 일일이 검색하고 노출 순위를 직접 체크하셨나요? 35+만명의 셀러가 선택한 아이템스카우트의 키워드분석 기능이 커머스 솔루션으로 출시되었어요!",
        "score": 0.08486382,
        "timestamp": "2025-11-29T02:23:20.952655",
        "raw_content": null
      },
      {
        "platform": "naver",
        "title": "고객센터 - 스마트스토어",
        "url": "https://help.sell.smartstore.naver.com/faq/content.help?faqId=3375",
        "snippet": "Image 1: %EA%B0%80%EA%B2%A9%EB%B9%84%EA%B5%90%EC%82%AC%EC%9D%B4%ED%8A%B8%EC%84%A4%EC%A0%95%20%EC%9D%BC%EA%B4%84%EB%B3%80%EA%B2%BD%20\n\n! 주의.\n\n간편 옵션이 등록된 상품은 일괄 수정 불가합니다.\n\n※ 참고.\n\n·네이버 쇼핑에 상품 최초 등록 시 서비스 반영까지 최대 2~8시간 정도 소요됩니다. (지연 시 최대 1~2일)\n\n·반영시간이 지났으나, 네이버 쇼핑에 상품명 검색 시 노출되지 않는다면 네이버쇼핑 고객센터로 문의 부탁드립니다.\n\n위 도움말이 도움이 되었나요?\n\n- [x] 별점1점 - [x] 별점2점 - [x] 별점3점 - [x] 별점4점 - [x] 별점5점   도움말에 대한 소중한 의견은 서비스 개선에 큰 도움이 됩니다. 만약, 궁금하신 내용이 있다면 고객센터로 문의주시면 친절히 안내해 드리겠습니다.보내기 [...] 1. 네이버쇼핑 입점상태 확인하기\n\n① 스토어 관리 > 서비스 연결 >[네이버 서비스 연결]메뉴로 접속합니다. \n\n② 네이버쇼핑이 'ON' 상태인지 확인해 주세요.\n\n2. 네이버쇼핑 OFF > ON으로 변경하기 (네이버쇼핑 입점)\n\n① 네이버쇼핑 OFF를 'ON'으로 변경해 주세요. \n\n② 네이버쇼핑 입점 팝업에서 약관동의 후 '확인'버튼을 클릭해 주세요. \n\n③ 네이버쇼핑이 'ON'으로 변경되었는지 확인해 주세요.\n\n※ 참고. ON으로 설정 시 '연동 요청 중' 상태로 변경되며, 연동완료는 최대 3시간 소요됩니다.\n\n3. 등록된 상품 '네이버쇼핑' 노출설정하기\n\n① 상품관리 >[상품 조회/수정] 메뉴로 접속합니다. \n\n② 상품목록에서 네이버쇼핑 노출이 필요한 상품을 선택해 주세요. \n\n③ '일괄변경' 버튼을 클릭 후 '가격비교사이트 설정' 을 선택해 주세요.\n\n④ 가격비교사이트 설정 팝업에서 '네이버쇼핑'을 선택 후 '변경' 버튼을 클릭해 주세요. [...] 스마트스토어 고객센터\n\nNAVER스마트스토어센터\n\n로그인\n\n궁금할 땐 톡톡상담하세요!\n\n톡톡상담\n\n   홈\n       홈\n\n   회원가입\n       신규 회원가입\n       초대로 회원가입\n       아이디/비밀번호 찾기\n       탈퇴/재가입\n       네이버 쇼핑 입점\n       2단계 인증\n\n   상품관리\n       그룹상품 리뷰이동\n       그룹상품 노출 관리\n       상품 조회/수정\n       상품 등록\n       상품 일괄등록\n       카탈로그 가격관리\n       연관상품 관리\n       사진 보관함\n       배송정보 관리\n       템플릿 관리\n       공지사항 관리\n       상품정보 검색품질(SEO)\n       구독 관리\n       상품명 마스터\n       등록 정보 검토\n       검색 순위 진단",
        "score": 0.07108027,
        "timestamp": "2025-11-29T02:23:20.952657",
        "raw_content": "스마트스토어 고객센터\n\n===============\n\n[NAVER](http://www.naver.com/ \"NAVER\")[스마트스토어센터](https://sell.smartstore.naver.com/ \"스마트스토어센터\")\n===============================================================================================\n\n[로그인](https://help.sell.smartstore.naver.com/faq/content.help?faqId=3375#)\n\n궁금할 땐 톡톡상담하세요!\n\n[톡톡상담](https://help.sell.smartstore.naver.com/faq/content.help?faqId=3375#)\n\n*   [홈](https://help.sell.smartstore.naver.com/faq/content.help?faqId=3375)\n    *   [홈](https://help.sell.smartstore.naver.com/faq/list.help?categoryId=11082)\n\n*   [회원가입](https://help.sell.smartstore.naver.com/faq/content.help?faqId=3375)\n    *   [신규 회원가입](https://help.sell.smartstore.naver.com/faq/list.help?categoryId=535)\n    *   [초대로 회원가입](https://help.sell.smartstore.naver.com/faq/list.help?categoryId=536)\n    *   [아이디/비밀번호 찾기](https://help.sell.smartstore.naver.com/faq/list.help?categoryId=537)\n    *   [탈퇴/재가입](https://help.sell.smartstore.naver.com/faq/list.help?categoryId=538)\n    *   [네이버 쇼핑 입점](https://help.sell.smartstore.naver.com/faq/list.help?categoryId=539)\n    *   [2단계 인증](https://help.sell.smartstore.naver.com/faq/list.help?categoryId=924)\n\n*   [상품관리](https://help.sell.smartstore.naver.com/faq/content.help?faqId=3375)\n    *   [그룹상품 리뷰이동](https://help.sell.smartstore.naver.com/faq/list.help?categoryId=11086)\n    *   [그룹상품 노출 관리](https://help.sell.smartstore.naver.com/faq/list.help?categoryId=11126)\n    *   [상품 조회/수정](https://help.sell.smartstore.naver.com/faq/list.help?categoryId=540)\n    *   [상품 등록](https://help.sell.smartstore.naver.com/faq/list.help?categoryId=541)\n    *   [상품 일괄등록](https://help.sell.smartstore.naver.com/faq/list.help?categoryId=542)\n    *   [카탈로그 가격관리](https://help.sell.smartstore.naver.com/faq/list.help?categoryId=848)\n    *   [연관상품 관리](https://help.sell.smartstore.naver.com/faq/list.help?categoryId=649)\n    *   [사진 보관함](https://help.sell.smartstore.naver.com/faq/list.help?categoryId=543)\n    *   [배송정보 관리](https://help.sell.smartstore.naver.com/faq/list.help?categoryId=544)\n    *   [템플릿 관리](https://help.sell.smartstore.naver.com/faq/list.help?categoryId=545)\n    *   [공지사항 관리](https://help.sell.smartstore.naver.com/faq/list.help?categoryId=546)\n    *   [상품정보 검색품질(SEO)](https://help.sell.smartstore.naver.com/faq/list.help?categoryId=811)\n    *   [구독 관리](https://help.sell.smartstore.naver.com/faq/list.help?categoryId=1006)\n    *   [상품명 마스터](https://help.sell.smartstore.naver.com/faq/list.help?categoryId=10931)\n    *   [등록 정보 검토](https://help.sell.smartstore.naver.com/faq/list.help?categoryId=11139)\n    *   [검색 순위 진단](https://help.sell.smartstore.naver.com/faq/list.help?categoryId=11140)\n\n*   [쇼핑윈도관리](https://help.sell.smartstore.naver.com/faq/content.help?faqId=3375)\n    *   [쇼핑윈도 상품 조회/수정](https://help.sell.smartstore.naver.com/faq/list.help?categoryId=547)\n    *   [쇼핑윈도 상품 불러오기](https://help.sell.smartstore.naver.com/faq/list.help?categoryId=548)\n    *   [쇼핑윈도 소식 관리](https://help.sell.smartstore.naver.com/faq/list.help?categoryId=549)\n    *   [쇼핑윈도 스토어 관리](https://help.sell.smartstore.naver.com/faq/list.help?categoryId=551)\n\n*   [판매관리](https://help.sell.smartstore.naver.com/faq/content.help?faqId=3375)\n    *   [주문통합검색](https://help.sell.smartstore.naver.com/faq/list.help?categoryId=791)\n    *   [선물 수락대기](https://help.sell.smartstore.naver.com/faq/list.help?categoryId=558)\n    *   [미결제확인](https://help.sell.smartstore.naver.com/faq/list.help?categoryId=559)\n    *   [발주(주문)확인/발송관리](https://help.sell.smartstore.naver.com/faq/list.help?categoryId=560)\n    *   [배송현황 관리](https://help.sell.smartstore.naver.com/faq/list.help?categoryId=561)\n    *   [구매확정 내역](https://help.sell.smartstore.naver.com/faq/list.help?categoryId=562)\n    *   [취소 관리](https://help.sell.smartstore.naver.com/faq/list.help?categoryId=563)\n    *   [반품 관리](https://help.sell.smartstore.naver.com/faq/list.help?categoryId=564)\n    *   [교환 관리](https://help.sell.smartstore.naver.com/faq/list.help?categoryId=565)\n    *   [판매방해 고객관리](https://help.sell.smartstore.naver.com/faq/list.help?categoryId=837)\n    *   [반품안심케어](https://help.sell.smartstore.naver.com/faq/list.help?categoryId=10776)\n\n*   [정산관리](https://help.sell.smartstore.naver.com/faq/content.help?faqId=3375)\n    *   [정산 내역 (일별/건별)](https://help.sell.smartstore.naver.com/faq/list.help?categoryId=566)\n    *   [항목별 정산 내역](https://help.sell.smartstore.naver.com/faq/list.help?categoryId=567)\n    *   [빠른정산](https://help.sell.smartstore.naver.com/faq/list.help?categoryId=932)\n    *   [부가세신고 내역](https://help.sell.smartstore.naver.com/faq/list.help?categoryId=568)\n    *   [세금계산서 조회](https://help.sell.smartstore.naver.com/faq/list.help?categoryId=569)\n    *   [비즈월렛 관리](https://help.sell.smartstore.naver.com/faq/list.help?categoryId=570)\n    *   [통합 정산내역](https://help.sell.smartstore.naver.com/faq/list.help?categoryId=571)\n    *   [중소상공인수수료전반](https://help.sell.smartstore.naver.com/faq/list.help?categoryId=840)\n    *   [초보판매자 정산가이드](https://help.sell.smartstore.naver.com/faq/list.help?categoryId=10809)\n    *   [우대수수료 환급내역](https://help.sell.smartstore.naver.com/faq/list.help?categoryId=10867)\n    *   [매출연동수수료](https://help.sell.smartstore.naver.com/faq/list.help?categoryId=11033)\n\n*   [문의/리뷰관리](https://help.sell.smartstore.naver.com/faq/content.help?faqId=3375)\n    *   [문의 관리](https://help.sell.smartstore.naver.com/faq/list.help?categoryId=574)\n    *   [고객문의 관리](https://help.sell.smartstore.naver.com/faq/list.help?categoryId=575)\n    *   [리뷰 관리](https://help.sell.smartstore.naver.com/faq/list.help?categoryId=576)\n    *   [리뷰이벤트 관리](https://help.sell.smartstore.naver.com/faq/list.help?categoryId=857)\n    *   [상품상세 블로그글 노출](https://help.sell.smartstore.naver.com/faq/list.help?categoryId=10953)\n    *   [톡톡 상담하기](https://help.sell.smartstore.naver.com/faq/list.help?categoryId=10763)\n    *   [톡톡 쇼핑챗봇/AI FAQ 설정](https://help.sell.smartstore.naver.com/faq/list.help?categoryId=10764)\n\n*   [스토어관리](https://help.sell.smartstore.naver.com/faq/content.help?faqId=3375)\n    *   [스마트스토어](https://help.sell.smartstore.naver.com/faq/list.help?categoryId=577)\n    *   [카테고리 관리](https://help.sell.smartstore.naver.com/faq/list.help?categoryId=579)\n    *   [쇼핑스토리 관리](https://help.sell.smartstore.naver.com/faq/list.help?categoryId=652)\n    *   [쇼핑라이브 숏클립 등록](https://help.sell.smartstore.naver.com/faq/list.help?categoryId=10731)\n    *   [기본정보 관리](https://help.sell.smartstore.naver.com/faq/list.help?categoryId=580)\n    *   [API 관리](https://help.sell.smartstore.naver.com/faq/list.help?categoryId=10954)\n    *   [SNS 설정](https://help.sell.smartstore.naver.com/faq/list.help?categoryId=10965)\n    *   [쇼핑윈도 노출 신청](https://help.sell.smartstore.naver.com/faq/list.help?categoryId=844)\n    *   [네이버 서비스 연결](https://help.sell.smartstore.naver.com/faq/list.help?categoryId=847)\n    *   [가격비교 서비스 연결](https://help.sell.smartstore.naver.com/faq/list.help?categoryId=10967)\n\n*   [혜택/마케팅](https://help.sell.smartstore.naver.com/faq/content.help?faqId=3375)\n    *   [혜택 등록](https://help.sell.smartstore.naver.com/faq/list.help?categoryId=608)\n    *   [혜택 조회/수정](https://help.sell.smartstore.naver.com/faq/list.help?categoryId=663)\n    *   [혜택 리포트](https://help.sell.smartstore.naver.com/faq/list.help?categoryId=609)\n    *   [포인트 지급관리](https://help.sell.smartstore.naver.com/faq/list.help?categoryId=10864)\n    *   [포인트 지급내역 조회](https://help.sell.smartstore.naver.com/faq/list.help?categoryId=799)\n    *   [고객등급 관리](https://help.sell.smartstore.naver.com/faq/list.help?categoryId=819)\n    *   [마케팅 보내기](https://help.sell.smartstore.naver.com/faq/list.help?categoryId=918)\n    *   [마케팅 이력](https://help.sell.smartstore.naver.com/faq/list.help?categoryId=919)\n    *   [마케팅 통계](https://help.sell.smartstore.naver.com/faq/list.help?categoryId=10728)\n    *   [AI 마케팅 효과분석](https://help.sell.smartstore.naver.com/faq/list.help?categoryId=10907)\n    *   [마케팅 링크 관리](https://help.sell.smartstore.naver.com/faq/list.help?categoryId=11058)\n\n*   [브랜드 혜택/마케팅](https://help.sell.smartstore.naver.com/faq/content.help?faqId=3375)\n    *   [고객군 마케팅](https://help.sell.smartstore.naver.com/faq/list.help?categoryId=10928)\n    *   [타겟팅 성과분석](https://help.sell.smartstore.naver.com/faq/list.help?categoryId=10929)\n    *   [라운지 노출 관리](https://help.sell.smartstore.naver.com/faq/list.help?categoryId=10877)\n    *   [라운지 가입 관리](https://help.sell.smartstore.naver.com/faq/list.help?categoryId=10878)\n    *   [추가 수집 항목 관리](https://help.sell.smartstore.naver.com/faq/list.help?categoryId=10879)\n    *   [라운지 멤버 관리](https://help.sell.smartstore.naver.com/faq/list.help?categoryId=10880)\n    *   [라운지 스토리 관리](https://help.sell.smartstore.naver.com/faq/list.help?categoryId=10881)\n    *   [라운지 통계](https://help.sell.smartstore.naver.com/faq/list.help?categoryId=10993)\n\n*   [커머스솔루션](https://help.sell.smartstore.naver.com/faq/content.help?faqId=3375)\n    *   [솔루션 목록](https://help.sell.smartstore.naver.com/faq/list.help?categoryId=10768)\n    *   [소비자조사](https://help.sell.smartstore.naver.com/faq/list.help?categoryId=10900)\n    *   [Quick 모니터링 관리](https://help.sell.smartstore.naver.com/faq/list.help?categoryId=10902)\n    *   [쇼핑 커넥트](https://help.sell.smartstore.naver.com/faq/list.help?categoryId=11057)\n\n*   [데이터 분석](https://help.sell.smartstore.naver.com/faq/content.help?faqId=3375)\n    *   [프로모션 진단](https://help.sell.smartstore.naver.com/faq/list.help?categoryId=11127)\n    *   [스토어분석](https://help.sell.smartstore.naver.com/faq/list.help?categoryId=11083)\n    *   [요약](https://help.sell.smartstore.naver.com/faq/list.help?categoryId=806)\n    *   [판매분석](https://help.sell.smartstore.naver.com/faq/list.help?categoryId=807)\n    *   [마케팅분석](https://help.sell.smartstore.naver.com/faq/list.help?categoryId=808)\n    *   [쇼핑행동분석](https://help.sell.smartstore.naver.com/faq/list.help?categoryId=809)\n    *   [시장벤치마크](https://help.sell.smartstore.naver.com/faq/list.help?categoryId=810)\n    *   [판매성과예측](https://help.sell.smartstore.naver.com/faq/list.help?categoryId=871)\n    *   [고객현황](https://help.sell.smartstore.naver.com/faq/list.help?categoryId=627)\n    *   [재구매 통계](https://help.sell.smartstore.naver.com/faq/list.help?categoryId=800)\n\n*   [광고관리](https://help.sell.smartstore.naver.com/faq/content.help?faqId=3375)\n    *   [쇼핑버티컬광고](https://help.sell.smartstore.naver.com/faq/list.help?categoryId=10946)\n    *   [CRM 마케팅 타겟 광고](https://help.sell.smartstore.naver.com/faq/list.help?categoryId=11024)\n\n*   [프로모션 관리](https://help.sell.smartstore.naver.com/faq/content.help?faqId=3375)\n    *   [기획전 관리](https://help.sell.smartstore.naver.com/faq/list.help?categoryId=845)\n    *   [참여형 프로모션 관리](https://help.sell.smartstore.naver.com/faq/list.help?categoryId=11061)\n    *   [미스터](https://help.sell.smartstore.naver.com/faq/list.help?categoryId=927)\n\n*   [N배송 관리](https://help.sell.smartstore.naver.com/faq/content.help?faqId=3375)\n    *   [N배송 프로그램](https://help.sell.smartstore.naver.com/faq/list.help?categoryId=10834)\n    *   [N배송 신청하기](https://help.sell.smartstore.naver.com/faq/list.help?categoryId=1005)\n    *   [N배송 재고관리](https://help.sell.smartstore.naver.com/faq/list.help?categoryId=11054)\n    *   [N배송 입고관리](https://help.sell.smartstore.naver.com/faq/list.help?categoryId=11116)\n    *   [N배송 리포트관리](https://help.sell.smartstore.naver.com/faq/list.help?categoryId=11102)\n    *   [물류비 청구내역](https://help.sell.smartstore.naver.com/faq/list.help?categoryId=11103)\n    *   [풀필먼트 주문 조회](https://help.sell.smartstore.naver.com/faq/list.help?categoryId=10942)\n    *   [N판매자배송 신청](https://help.sell.smartstore.naver.com/faq/list.help?categoryId=10986)\n    *   [N판매자배송 운영](https://help.sell.smartstore.naver.com/faq/list.help?categoryId=10985)\n    *   [판매자 창고 운영](https://help.sell.smartstore.naver.com/faq/list.help?categoryId=10944)\n\n*   [판매자 정보](https://help.sell.smartstore.naver.com/faq/content.help?faqId=3375)\n    *   [내정보](https://help.sell.smartstore.naver.com/faq/list.help?categoryId=581)\n    *   [판매자 정보](https://help.sell.smartstore.naver.com/faq/list.help?categoryId=582)\n    *   [매니저 관리](https://help.sell.smartstore.naver.com/faq/list.help?categoryId=10727)\n    *   [판매자 등급](https://help.sell.smartstore.naver.com/faq/list.help?categoryId=611)\n    *   [정보 변경 신청](https://help.sell.smartstore.naver.com/faq/list.help?categoryId=583)\n    *   [양도양수](https://help.sell.smartstore.naver.com/faq/list.help?categoryId=922)\n    *   [사업자 전환](https://help.sell.smartstore.naver.com/faq/list.help?categoryId=584)\n    *   [상품판매권한 신청](https://help.sell.smartstore.naver.com/faq/list.help?categoryId=855)\n    *   [고객확인제도](https://help.sell.smartstore.naver.com/faq/list.help?categoryId=923)\n    *   [심사내역 조회](https://help.sell.smartstore.naver.com/faq/list.help?categoryId=10726)\n    *   [판매자 지원 프로그램](https://help.sell.smartstore.naver.com/faq/list.help?categoryId=10711)\n    *   [성장 마일리지](https://help.sell.smartstore.naver.com/faq/list.help?categoryId=11091)\n    *   [굿서비스 점수](https://help.sell.smartstore.naver.com/faq/list.help?categoryId=11125)\n\n*   [공지사항](https://help.sell.smartstore.naver.com/faq/content.help?faqId=3375)\n    *   [공지사항](https://help.sell.smartstore.naver.com/faq/list.help?categoryId=10730)\n\n*   [공통/기타](https://help.sell.smartstore.naver.com/faq/content.help?faqId=3375)\n    *   [판매자센터 기본 이용방법](https://help.sell.smartstore.naver.com/faq/list.help?categoryId=586)\n    *   [스마트스토어센터 알림](https://help.sell.smartstore.naver.com/faq/list.help?categoryId=868)\n    *   [쇼핑라이브](https://help.sell.smartstore.naver.com/faq/list.help?categoryId=883)\n    *   [사장님 보험](https://help.sell.smartstore.naver.com/faq/list.help?categoryId=933)\n    *   [스마트스토어 사업자 대출](https://help.sell.smartstore.naver.com/faq/list.help?categoryId=934)\n    *   [사업자대출 대출안심케어](https://help.sell.smartstore.naver.com/faq/list.help?categoryId=989)\n    *   [정책지원금](https://help.sell.smartstore.naver.com/faq/list.help?categoryId=10769)\n    *   [스마트플레이스 사업자 대출](https://help.sell.smartstore.naver.com/faq/list.help?categoryId=10782)\n    *   [커머스API센터](https://help.sell.smartstore.naver.com/faq/list.help?categoryId=10783)\n    *   [네이버페이 마이비즈](https://help.sell.smartstore.naver.com/faq/list.help?categoryId=10787)\n    *   [스마트스토어 보증서 대출](https://help.sell.smartstore.naver.com/faq/list.help?categoryId=10909)\n    *   [API데이터솔루션(통계)](https://help.sell.smartstore.naver.com/faq/list.help?categoryId=10943)\n    *   [안전거래 정책](https://help.sell.smartstore.naver.com/faq/list.help?categoryId=10979)\n\n*   [1:1 문의하기](https://help.sell.smartstore.naver.com/mail/form.help)\n*   [1:1 문의내역](https://help.sell.smartstore.naver.com/mail/history.help)\n*   [신고하기](https://help.sell.smartstore.naver.com/mail/form.help?alias=shopn_accuse)\n*   [원격지원서비스](http://61.247.209.91/users/main/join.html)\n\n[스마트스토어센터 _사용자 매뉴얼_](https://sell.smartstore.naver.com/#/center-notice/list/MANUAL)\n\n[좌측 내비게이션 숨기기](https://help.sell.smartstore.naver.com/faq/content.help?faqId=3375#)\n\n고객센터\n----\n\n**FAQ**\n\n[전체](https://help.sell.smartstore.naver.com/faq/content.help?faqId=3375)\n*   [전체](https://help.sell.smartstore.naver.com/faq/content.help?faqId=3375)\n*   [홈](https://help.sell.smartstore.naver.com/faq/content.help?faqId=3375)\n*   [회원가입](https://help.sell.smartstore.naver.com/faq/content.help?faqId=3375)\n*   [상품관리](https://help.sell.smartstore.naver.com/faq/content.help?faqId=3375)\n*   [쇼핑윈도관리](https://help.sell.smartstore.naver.com/faq/content.help?faqId=3375)\n*   [판매관리](https://help.sell.smartstore.naver.com/faq/content.help?faqId=3375)\n*   [정산관리](https://help.sell.smartstore.naver.com/faq/content.help?faqId=3375)\n*   [문의/리뷰관리](https://help.sell.smartstore.naver.com/faq/content.help?faqId=3375)\n*   [스토어관리](https://help.sell.smartstore.naver.com/faq/content.help?faqId=3375)\n*   [혜택/마케팅](https://help.sell.smartstore.naver.com/faq/content.help?faqId=3375)\n*   [브랜드 혜택/마케팅](https://help.sell.smartstore.naver.com/faq/content.help?faqId=3375)\n*   [커머스솔루션](https://help.sell.smartstore.naver.com/faq/content.help?faqId=3375)\n*   [데이터 분석](https://help.sell.smartstore.naver.com/faq/content.help?faqId=3375)\n*   [광고관리](https://help.sell.smartstore.naver.com/faq/content.help?faqId=3375)\n*   [프로모션 관리](https://help.sell.smartstore.naver.com/faq/content.help?faqId=3375)\n*   [N배송 관리](https://help.sell.smartstore.naver.com/faq/content.help?faqId=3375)\n*   [판매자 정보](https://help.sell.smartstore.naver.com/faq/content.help?faqId=3375)\n*   [공지사항](https://help.sell.smartstore.naver.com/faq/content.help?faqId=3375)\n*   [공통/기타](https://help.sell.smartstore.naver.com/faq/content.help?faqId=3375)\n\n검색어 입력 0/100\n\n[검색](https://help.sell.smartstore.naver.com/faq/content.help?faqId=3375#)\n\n자동완성 켜기 자동완성 끄기 닫기\n\n*   [자주 묻는 질문](https://help.sell.smartstore.naver.com/faq/content.help?faqId=3375#)\n*   [★ 메뉴 활용 방법](https://help.sell.smartstore.naver.com/faq/content.help?faqId=3375#)\n*   [2단계 인증](https://help.sell.smartstore.naver.com/faq/content.help?faqId=3375#)\n*   [가입 절차](https://help.sell.smartstore.naver.com/faq/content.help?faqId=3375#)\n*   [고객확인제도](https://help.sell.smartstore.naver.com/faq/content.help?faqId=3375#)\n*   [수수료의 종류](https://help.sell.smartstore.naver.com/faq/content.help?faqId=3375#)\n*   [상품등록](https://help.sell.smartstore.naver.com/faq/content.help?faqId=3375#)\n*   [발송처리](https://help.sell.smartstore.naver.com/faq/content.help?faqId=3375#)\n*   [자동 구매확정](https://help.sell.smartstore.naver.com/faq/content.help?faqId=3375#)\n*   [부가세신고](https://help.sell.smartstore.naver.com/faq/content.help?faqId=3375#)\n\n### 상품 등록\n\n*   [★ 상품등록 메뉴 활용방법](https://help.sell.smartstore.naver.com/faq/content.help?faqId=3375)\n*   [★ '상품 등록' 관련 자주 묻는 질문](https://help.sell.smartstore.naver.com/faq/content.help?faqId=3375)\n*   [상세설명은 어떻게 작성하나요?](https://help.sell.smartstore.naver.com/faq/content.help?faqId=3375)\n*   ['옵션'은 어떻게 등록하나요?](https://help.sell.smartstore.naver.com/faq/content.help?faqId=3375)\n*   [선택형 옵션 등록 시 '단독형' 과 '조합형'은 무엇인가요?](https://help.sell.smartstore.naver.com/faq/content.help?faqId=3375)\n*   [옵션 등록방식 중 '선택형' 과 '직접입력형'은 무엇인가요?](https://help.sell.smartstore.naver.com/faq/content.help?faqId=3375)\n*   ['옵션' 등록 시 옵션가 제한이 있나요?](https://help.sell.smartstore.naver.com/faq/content.help?faqId=3375)\n*   [등록한 상품이 '네이버쇼핑'에 노출되지 않아요. 왜 그런가요?](https://help.sell.smartstore.naver.com/faq/content.help?faqId=3375)\n\n상품을 등록한 ID가 '네이버쇼핑'에 입점되어 있어야, 네이버쇼핑에 상품을 노출할 수 있습니다. \n\n'네이버쇼핑'에 상품이 노출되지 않는다면 아래 순서대로 확인을 해주세요.\n\n**※ 참고.**\n\n라운지 대상 판매자의 경우에는 [라운지 전용상품 > 설정함] '상품정보 미공개용'을 설정했는지 확인해 주세요.\n\n네이버쇼핑 연동을 원하신다면 해당 상품 수정 페이지 접속 후 '노출채널 > '라운지 전용상품'을 상품정보 공개용으로 변경하시거나, [설정안함]으로 변경 후 진행해 주세요.\n\n**1. 네이버쇼핑 입점상태 확인하기**\n\n① [스토어 관리 > 서비스 연결 >[**네이버 서비스 연결**](https://sell.smartstore.naver.com/#/naverservices)]메뉴로 접속합니다. \n\n② 네이버쇼핑이 'ON' 상태인지 확인해 주세요.\n\n**2. 네이버쇼핑 OFF > ON으로 변경하기 (네이버쇼핑 입점)**\n\n① 네이버쇼핑 OFF를 'ON'으로 변경해 주세요. \n\n② 네이버쇼핑 입점 팝업에서 약관동의 후 '확인'버튼을 클릭해 주세요. \n\n③ 네이버쇼핑이 'ON'으로 변경되었는지 확인해 주세요.\n\n**※ 참고.** ON으로 설정 시 '연동 요청 중' 상태로 변경되며, 연동완료는 최대 3시간 소요됩니다.\n\n**3. 등록된 상품 '네이버쇼핑' 노출설정하기**\n\n① [상품관리 >[**상품 조회/수정**](https://sell.storefarm.naver.com/#/products/origin-list)] 메뉴로 접속합니다. \n\n② 상품목록에서 네이버쇼핑 노출이 필요한 상품을 선택해 주세요. \n\n③ '일괄변경' 버튼을 클릭 후 '가격비교사이트 설정' 을 선택해 주세요.\n\n④ 가격비교사이트 설정 팝업에서 '네이버쇼핑'을 선택 후 '변경' 버튼을 클릭해 주세요.\n\n![Image 1: %EA%B0%80%EA%B2%A9%EB%B9%84%EA%B5%90%EC%82%AC%EC%9D%B4%ED%8A%B8%EC%84%A4%EC%A0%95%20%EC%9D%BC%EA%B4%84%EB%B3%80%EA%B2%BD%20](https://help.sell.smartstore.naver.com/fpsfiles/ko/202401/8de45ecc-22d1-402a-8e3e-c2388fbf8b35.png)\n\n**! 주의.**\n\n간편 옵션이 등록된 상품은 일괄 수정 불가합니다.\n\n**※ 참고.**\n\n·네이버 쇼핑에 상품 최초 등록 시 서비스 반영까지 최대 2~8시간 정도 소요됩니다. (지연 시 최대 1~2일)\n\n·반영시간이 지났으나, 네이버 쇼핑에 상품명 검색 시 노출되지 않는다면 네이버쇼핑 고객센터로 문의 부탁드립니다.\n\n위 도움말이 도움이 되었나요?\n\n- [x] 별점1점 - [x] 별점2점 - [x] 별점3점 - [x] 별점4점 - [x] 별점5점   도움말에 대한 소중한 의견은 서비스 개선에 큰 도움이 됩니다. 만약, 궁금하신 내용이 있다면 고객센터로 문의주시면 친절히 안내해 드리겠습니다.보내기  \n\n**관련 도움말/키워드**\n    *   [등록한 상품이 네이버쇼핑 등록 Y(노출중단)으로 노출됩니다. 왜 그런가요?](https://help.sell.smartstore.naver.com/faq/content.help?faqId=14322)\n\n[도움말 닫기](https://help.sell.smartstore.naver.com/faq/content.help?faqId=3375)\n\n*   ['추가상품'은 어떻게 등록하나요?](https://help.sell.smartstore.naver.com/faq/content.help?faqId=3375)\n*   ['네이버쇼핑'에 상품 노출은 어떻게하나요?](https://help.sell.smartstore.naver.com/faq/content.help?faqId=3375)\n*   [상품 등록 시 '이 카테고리는 등록권한이 필요합니다' 라고 노출됩니다. 어떻게 해야 하나요?](https://help.sell.smartstore.naver.com/faq/content.help?faqId=3375)\n*   [상품 등록 시 이미지 권장 사이즈 및 확장자는 어떻게 되나요?](https://help.sell.smartstore.naver.com/faq/content.help?faqId=3375)\n*   [상품 구매/리뷰 작성 시 구매자에게 Npay 포인트를 지급할 수 있나요?](https://help.sell.smartstore.naver.com/faq/content.help?faqId=3375)\n*   ['무이자 할부' 설정이란 무엇인가요?](https://help.sell.smartstore.naver.com/faq/content.help?faqId=3375)\n*   [등록한 '태그'로 검색 시 상품이 검색되지 않아요.](https://help.sell.smartstore.naver.com/faq/content.help?faqId=3375)\n*   ['Page Title , Meta description' 은 무엇인가요?](https://help.sell.smartstore.naver.com/faq/content.help?faqId=3375)\n*   ['구매수량'을 제한할 수 있나요?](https://help.sell.smartstore.naver.com/faq/content.help?faqId=3375)\n*   ['복수구매할인'은 무엇인가요?](https://help.sell.smartstore.naver.com/faq/content.help?faqId=3375)\n*   ['즉시할인'은 어떻게 설정하나요?](https://help.sell.smartstore.naver.com/faq/content.help?faqId=3375)\n*   ['임시저장' 한 상품이 삭제되었습니다. 왜그런가요?](https://help.sell.smartstore.naver.com/faq/content.help?faqId=3375)\n*   ['해외구매대행'으로 판매할 수 없는 상품은 어떤 것이 있나요?](https://help.sell.smartstore.naver.com/faq/content.help?faqId=3375)\n*   ['리뷰' 노출여부를 설정할 수 있나요?](https://help.sell.smartstore.naver.com/faq/content.help?faqId=3375)\n*   [주문이 취소/반품되면 상품의 재고수량이 복구되나요?](https://help.sell.smartstore.naver.com/faq/content.help?faqId=3375)\n*   [[쇼핑윈도 전용] 쇼핑윈도 상품은 어떻게 등록하나요?](https://help.sell.smartstore.naver.com/faq/content.help?faqId=3375)\n*   [[풀필먼트] '네이버 풀필먼트'는 어떻게 설정하나요?](https://help.sell.smartstore.naver.com/faq/content.help?faqId=3375)\n*   [상품등록 시 스마트스토어와 쇼핑윈도에 함께 노출하려면 어떻게 해야 하나요?](https://help.sell.smartstore.naver.com/faq/content.help?faqId=3375)\n*   [[쇼핑윈도 전용] 상품등록 시 '베스트' 는 무엇인가요?](https://help.sell.smartstore.naver.com/faq/content.help?faqId=3375)\n*   ['옵션 / 추가상품'도 일괄등록이 가능한가요?](https://help.sell.smartstore.naver.com/faq/content.help?faqId=3375)\n*   [옵션/추가상품 등록 시 '올바른 파일 형식이 아닙니다'로 확인됩니다. 어떻게 해야 하나요?](https://help.sell.smartstore.naver.com/faq/content.help?faqId=3375)\n*   [에누리/다나와에 상품을 어떻게 노출 시킬 수 있나요?](https://help.sell.smartstore.naver.com/faq/content.help?faqId=3375)\n*   [알림받기 동의 회원 전용상품은 무엇인가요?](https://help.sell.smartstore.naver.com/faq/content.help?faqId=3375)\n*   [상품을 등록/수정하면 '네이버쇼핑'에 언제 반영되나요?](https://help.sell.smartstore.naver.com/faq/content.help?faqId=3375)\n*   [스마트스토어와 쇼핑윈도 둘다 운영 시 이미지, 상세정보 등을 다르게 설정할 수 있나요?](https://help.sell.smartstore.naver.com/faq/content.help?faqId=3375)\n*   [[정기구독] 정기구독 상품을 그룹 설정시 유의할 점이 있나요?](https://help.sell.smartstore.naver.com/faq/content.help?faqId=3375)\n*   [[모바일 전용] SmartEditorONE(스마트에디터) 작성 후 브라우저가 정상적으로 작동하지 않아요. 어떻게 하나요?](https://help.sell.smartstore.naver.com/faq/content.help?faqId=3375)\n*   [상품등록 시 '노출 설정'은 무엇인가요?](https://help.sell.smartstore.naver.com/faq/content.help?faqId=3375)\n*   [[쇼핑윈도 전용] '윈도에 노출할 수 없는 카테고리입니다.' 라고 노출됩니다. 어떻게 해야 하나요?](https://help.sell.smartstore.naver.com/faq/content.help?faqId=3375)\n*   [[쇼핑윈도 전용] '상품등록 시 최대 8개만 베스트 설정이 가능합니다.' 라고 노출됩니다. 어떻게 해야하나요?](https://help.sell.smartstore.naver.com/faq/content.help?faqId=3375)\n*   [네이버앱(안드로이드)에서 사진 업로드가 되지 않아요.](https://help.sell.smartstore.naver.com/faq/content.help?faqId=3375)\n*   [상품등록 시 임시저장의 저장 건수가 기존과 상이합니다.](https://help.sell.smartstore.naver.com/faq/content.help?faqId=3375)\n*   [상품 임시저장은 최대 몇개까지 가능한가요?](https://help.sell.smartstore.naver.com/faq/content.help?faqId=3375)\n*   [[쇼핑윈도 전용]'결제여부'란 무엇인가요?](https://help.sell.smartstore.naver.com/faq/content.help?faqId=3375)\n*   [상품의 '배송' 정보는 어떻게 등록하나요?](https://help.sell.smartstore.naver.com/faq/content.help?faqId=3375)\n*   [상품등록 시 제한되는 특수문자는 무엇인가요?](https://help.sell.smartstore.naver.com/faq/content.help?faqId=3375)\n*   [즉시할인 설정시 수수료 적용기준은 판매가인가요?](https://help.sell.smartstore.naver.com/faq/content.help?faqId=3375)\n*   [상품등록 시 미리보기가 되지 않아요.](https://help.sell.smartstore.naver.com/faq/content.help?faqId=3375)\n*   [[쇼핑윈도 전용] 쇼핑윈도,스마트스토어 채널에 동시 노출하게 하려면 상품은 어떤 서비스 기준으로 등록해야 하나요?](https://help.sell.smartstore.naver.com/faq/content.help?faqId=3375)\n*   [[쇼핑윈도 전용] 쇼핑윈도에만 상품 노출 가능한가요?](https://help.sell.smartstore.naver.com/faq/content.help?faqId=3375)\n*   [태그는 직접입력형으로 몇개까지 설정 가능한가요?](https://help.sell.smartstore.naver.com/faq/content.help?faqId=3375)\n*   [홍보문구는 어디에서 입력하나요?](https://help.sell.smartstore.naver.com/faq/content.help?faqId=3375)\n*   [스마트스토어전용 상품명 사용, 쇼핑윈도전용 상품명 사용은 무엇인가요?](https://help.sell.smartstore.naver.com/faq/content.help?faqId=3375)\n*   [모바일에서 상품등록 시 사진이 복수로 선택되지 않아요.](https://help.sell.smartstore.naver.com/faq/content.help?faqId=3375)\n*   [브랜드/카탈로그/제조사를 입력했는데, 네이버 쇼핑 검색결과에 상품이 노출되지 않아요.](https://help.sell.smartstore.naver.com/faq/content.help?faqId=3375)\n*   [지역별 추가 배송비의 2권역, 3권역이 무엇인가요?](https://help.sell.smartstore.naver.com/faq/content.help?faqId=3375)\n*   [상품저장 시 '상세정보 항목이 유효하지 않습니다'로 노출돼요.](https://help.sell.smartstore.naver.com/faq/content.help?faqId=3375)\n*   [[쇼핑윈도/패션타운] 쇼핑윈도 상품검수 가이드는 어디서 확인하나요?](https://help.sell.smartstore.naver.com/faq/content.help?faqId=3375)\n*   ['어린이제품 공급자 적합성 확인' 항목을 선택할 때 인증정보를 어떻게 기재해야 하나요?](https://help.sell.smartstore.naver.com/faq/content.help?faqId=3375)\n*   [HTML 입력 후 SmartEditorONE(스마트에디터)으로 변환이 가능한가요?](https://help.sell.smartstore.naver.com/faq/content.help?faqId=3375)\n*   [KC인증이 필요한 상품인데 인증번호 없이 판매하고 있습니다. 어떻게 해야 하나요?](https://help.sell.smartstore.naver.com/faq/content.help?faqId=3375)\n*   [KC인증 > KC 인증대상 > 인증선택에 \"필수 정보입니다.\"라고 나와요. 어떻게 하나요?](https://help.sell.smartstore.naver.com/faq/content.help?faqId=3375)\n*   [어린이제품인증 > 어린이제품 인증대상 > 인증선택에 \"필수 정보입니다.\"라고 나와요. 어떻게 하나요?](https://help.sell.smartstore.naver.com/faq/content.help?faqId=3375)\n*   [친환경인증 > 친환경 인증대상 > 인증선택에 \"필수 정보입니다.\"라고 나와요. 어떻게 하나요?](https://help.sell.smartstore.naver.com/faq/content.help?faqId=3375)\n*   [해외구매대행 상품으로 이전에는 KC인증 없이 상품판매를 했는데, 현재는 KC인증을 받아야 한다고 노출돼요.](https://help.sell.smartstore.naver.com/faq/content.help?faqId=3375)\n*   [대행사에서 상품명 수정하였으나 스마트스토어에는 변경 전 상품명으로 노출돼요.](https://help.sell.smartstore.naver.com/faq/content.help?faqId=3375)\n*   [네이버쇼핑에 '해외' 아이콘을 노출하고 싶어요.](https://help.sell.smartstore.naver.com/faq/content.help?faqId=3375)\n*   [스마트스토어에서 취급 불가한 상품이 있나요?](https://help.sell.smartstore.naver.com/faq/content.help?faqId=3375)\n*   [HTML 영역에 외부링크를 등록할 수 있나요?](https://help.sell.smartstore.naver.com/faq/content.help?faqId=3375)\n*   [상품 저장 시 '정상적으로 스마트에디터로 작성하지 않았습니다.'라는 얼럿이 노출됩니다.](https://help.sell.smartstore.naver.com/faq/content.help?faqId=3375)\n*   [상품의 대표이미지를 수정하였으나, 네이버쇼핑 내 썸네일 이미지가 반영되지 않아요.](https://help.sell.smartstore.naver.com/faq/content.help?faqId=3375)\n*   [​양도양수 시 임시저장한 상품도 모두 양도양수가 되나요?](https://help.sell.smartstore.naver.com/faq/content.help?faqId=3375)\n*   [임시저장된 상품은 모바일/PC에서 모두 확인가능한가요?](https://help.sell.smartstore.naver.com/faq/content.help?faqId=3375)\n*   [최소구매수량 입력하니 \"최소 2개 이상 입력해 주세요\"라고 노출돼요](https://help.sell.smartstore.naver.com/faq/content.help?faqId=3375)\n*   [[해외 판매자 전용] 건강기능식품 판매 가능한가요?](https://help.sell.smartstore.naver.com/faq/content.help?faqId=3375)\n*   [움직이는 이미지(gif) 등록 가능한가요?](https://help.sell.smartstore.naver.com/faq/content.help?faqId=3375)\n*   [상품 상세 작성 시 '직접 작성'과 'HTML 작성'의 차이가 무엇인가요?](https://help.sell.smartstore.naver.com/faq/content.help?faqId=3375)\n*   [HTML 소스 입력 시 '알수 없는 오류가 발생되었습니다.\"로 노출돼요.](https://help.sell.smartstore.naver.com/faq/content.help?faqId=3375)\n*   [상품정보 제공고시가 무엇인가요?](https://help.sell.smartstore.naver.com/faq/content.help?faqId=3375)\n*   [A/S 전화번호 항목은 어떻게 입력해야 하나요?](https://help.sell.smartstore.naver.com/faq/content.help?faqId=3375)\n*   [상품 주요정보는 무엇인가요?](https://help.sell.smartstore.naver.com/faq/content.help?faqId=3375)\n*   [구매/리뷰 혜택 조건 입력 시 유의사항이 있나요?](https://help.sell.smartstore.naver.com/faq/content.help?faqId=3375)\n*   [검색설정 등록 시 유의사항을 알려주세요](https://help.sell.smartstore.naver.com/faq/content.help?faqId=3375)\n*   [판매자 특이사항엔 어떤 내용을 기재해야 하나요?](https://help.sell.smartstore.naver.com/faq/content.help?faqId=3375)\n*   [상품 등록 시 카테고리는 어떻게 설정해야 하나요?](https://help.sell.smartstore.naver.com/faq/content.help?faqId=3375)\n*   [Npay 포인트 설정 한도는 얼마까지 가능한가요?](https://help.sell.smartstore.naver.com/faq/content.help?faqId=3375)\n*   [검색설정의 Page Title / Meta description은 무엇인가요?](https://help.sell.smartstore.naver.com/faq/content.help?faqId=3375)\n*   [임시저장 활용 가이드](https://help.sell.smartstore.naver.com/faq/content.help?faqId=3375)\n*   [구매대행 상품이 아니나, '이 카테고리는 등록권한이 필요합니다'로 노출돼요.](https://help.sell.smartstore.naver.com/faq/content.help?faqId=3375)\n*   [택/케어라벨 이미지는 어떤 이미지를 등록해야 하나요?](https://help.sell.smartstore.naver.com/faq/content.help?faqId=3375)\n*   [택 이미지 분석이 되지 않았어요.](https://help.sell.smartstore.naver.com/faq/content.help?faqId=3375)\n*   [상품을 쇼핑윈도 페이지만 노출 시킬 수 있나요?](https://help.sell.smartstore.naver.com/faq/content.help?faqId=3375)\n*   [상품 상세페이지가 정상적으로 노출되지 않아요.](https://help.sell.smartstore.naver.com/faq/content.help?faqId=3375)\n*   [상품의 대표이미지, 추가이미지를 gif로 등록했는데 움직이지 않아요.](https://help.sell.smartstore.naver.com/faq/content.help?faqId=3375)\n*   [인증정보를 입력했는데도 계속 인증 정보를 등록하라는 메시지가 나와요.](https://help.sell.smartstore.naver.com/faq/content.help?faqId=3375)\n*   [상품 등록/수정 시 일부 항목이 보이지 않아요.](https://help.sell.smartstore.naver.com/faq/content.help?faqId=3375)\n*   [상품상세 페이지에서 리뷰 영역을 안나오게 설정 할 수 있나요?](https://help.sell.smartstore.naver.com/faq/content.help?faqId=3375)\n*   [오늘출발은 어떻게 등록하나요?](https://help.sell.smartstore.naver.com/faq/content.help?faqId=3375)\n*   [오늘출발 설정 시 주의할 점이 있나요?](https://help.sell.smartstore.naver.com/faq/content.help?faqId=3375)\n*   [일부 옵션만 오늘출발로 설정하고 싶으면 어떻게 등록하나요?](https://help.sell.smartstore.naver.com/faq/content.help?faqId=3375)\n*   [상품별로 오늘출발 기준시간을 설정할 수 있나요?](https://help.sell.smartstore.naver.com/faq/content.help?faqId=3375)\n*   [오늘출발로 설정한 상품의 주문 건이 오늘출발로 표시되지 않습니다.](https://help.sell.smartstore.naver.com/faq/content.help?faqId=3375)\n*   [상품 일괄등록으로 오늘출발 상품을 등록할 수 있나요?](https://help.sell.smartstore.naver.com/faq/content.help?faqId=3375)\n*   [오늘출발 가능 옵션 설정이 체크되지 않아요. 왜 그런가요?](https://help.sell.smartstore.naver.com/faq/content.help?faqId=3375)\n*   [청약철회(반품/교환) 시 주의해야할 사항이 있나요?](https://help.sell.smartstore.naver.com/faq/content.help?faqId=3375)\n*   [상품명 등록 기준을 알고 싶어요](https://help.sell.smartstore.naver.com/faq/content.help?faqId=3375)\n*   ['옵션' 등록 시 글자수에 제한이 있나요?](https://help.sell.smartstore.naver.com/faq/content.help?faqId=3375)\n*   [브랜드는 왜 입력해야 하나요?](https://help.sell.smartstore.naver.com/faq/content.help?faqId=3375)\n*   [모델명은 어떻게 등록하고 수정하나요?](https://help.sell.smartstore.naver.com/faq/content.help?faqId=3375)\n*   [개인통관고유부호 설정은 어떻게 하나요?](https://help.sell.smartstore.naver.com/faq/content.help?faqId=3375)\n*   [맞춤제작 상품은 어떻게 등록하나요?](https://help.sell.smartstore.naver.com/faq/content.help?faqId=3375)\n*   [상품 일괄등록으로 맞춤제작 상품을 등록할 수 있나요?](https://help.sell.smartstore.naver.com/faq/content.help?faqId=3375)\n*   [맞춤제작 상품으로 설정 시 주의할 점이 무엇인가요?](https://help.sell.smartstore.naver.com/faq/content.help?faqId=3375)\n*   [주문확인 후 제작 상품등록 시 발송예정일을 직접입력 할 수 없나요?](https://help.sell.smartstore.naver.com/faq/content.help?faqId=3375)\n*   [취급하는 상품이 전안법 대상인지 확인할 수 있나요?](https://help.sell.smartstore.naver.com/faq/content.help?faqId=3375)\n*   [해외구매대행 상품의 경우 KC인증정보는 어떻게 기재하나요?](https://help.sell.smartstore.naver.com/faq/content.help?faqId=3375)\n*   [어린이 제품은 전안법 대상인가요?](https://help.sell.smartstore.naver.com/faq/content.help?faqId=3375)\n*   [상품 상세설명에 KC인증에 대한 정보가 있는데, 상품 등록 시 별도로 등록해야 하나요?](https://help.sell.smartstore.naver.com/faq/content.help?faqId=3375)\n*   [의류, 접속성 금속장신구(악세사리)도 인증대상인가요?](https://help.sell.smartstore.naver.com/faq/content.help?faqId=3375)\n*   [기존 상품을 수정하려고 하니 안전기준준수대상 카테고리로 노출됩니다, 인증정보를 입력해야하나요?](https://help.sell.smartstore.naver.com/faq/content.help?faqId=3375)\n*   [KC 인증대상아님으로 등록한 상품입니다. 어떻게 해야 하나요?](https://help.sell.smartstore.naver.com/faq/content.help?faqId=3375)\n*   [인증대상을 언제까지 입력해야 하나요? 수정하지 않으면 제재가 있나요?](https://help.sell.smartstore.naver.com/faq/content.help?faqId=3375)\n*   [상품등록 시 안전기준준수대상 카테고리로 노출됩니다. 인증정보를 입력해야 하나요?](https://help.sell.smartstore.naver.com/faq/content.help?faqId=3375)\n*   [병행수입/구매대행상품입니다. 기존상품을 수정해야 하나요?](https://help.sell.smartstore.naver.com/faq/content.help?faqId=3375)\n*   [어린이제품 카테고리에 상품을 등록하는데. KC인증도 함께 등록해야 하나요?](https://help.sell.smartstore.naver.com/faq/content.help?faqId=3375)\n*   ['색상/사이즈 간편 입력'이 무엇인가요?](https://help.sell.smartstore.naver.com/faq/content.help?faqId=3375)\n*   [옵션 '재고수량 관리하기'는 무엇인가요?](https://help.sell.smartstore.naver.com/faq/content.help?faqId=3375)\n*   [배송비는 최대 얼마까지 입력 가능한가요?](https://help.sell.smartstore.naver.com/faq/content.help?faqId=3375)\n*   [SmartEditorONE(스마트에디터) 이미지 등록 시 제한사항이 있나요?](https://help.sell.smartstore.naver.com/faq/content.help?faqId=3375)\n*   [오늘출발 휴무일 설정 방법이 무엇인가요?](https://help.sell.smartstore.naver.com/faq/content.help?faqId=3375)\n*   [오늘출발 가능수량은 어떻게 되나요?](https://help.sell.smartstore.naver.com/faq/content.help?faqId=3375)\n*   [오늘출발 가능수량을 설정한 상품은 어떻게 조회하나요? (품절/임박 포함)](https://help.sell.smartstore.naver.com/faq/content.help?faqId=3375)\n*   [KC인증은 어떻게 등록하나요?](https://help.sell.smartstore.naver.com/faq/content.help?faqId=3375)\n*   [동영상 등록기준은 무엇인가요?](https://help.sell.smartstore.naver.com/faq/content.help?faqId=3375)\n*   [[아트윈도 전용] 작가 페이지에 상품이 노출되지 않아요.](https://help.sell.smartstore.naver.com/faq/content.help?faqId=3375)\n*   [\"도서\" 상품 등록 시 주의사항이 있을까요?](https://help.sell.smartstore.naver.com/faq/content.help?faqId=3375)\n*   [SmartEditorONE(스마트에디터) 컴포넌트 중 텍스트.사진 편집 기능이 있나요?](https://help.sell.smartstore.naver.com/faq/content.help?faqId=3375)\n*   [희망일배송이 무엇인가요?](https://help.sell.smartstore.naver.com/faq/content.help?faqId=3375)\n*   [희망일배송은 어떻게 등록하나요?](https://help.sell.smartstore.naver.com/faq/content.help?faqId=3375)\n*   [희망일배송은 묶음배송이 불가한가요?](https://help.sell.smartstore.naver.com/faq/content.help?faqId=3375)\n*   [희망일배송은 지역별 차등 배송비를 입력할 수 없나요?](https://help.sell.smartstore.naver.com/faq/content.help?faqId=3375)\n*   [희망일 배송그룹에서 배송휴무일 설정 시 격주는 설정 할 수 없나요?](https://help.sell.smartstore.naver.com/faq/content.help?faqId=3375)\n*   [배송속성을 '희망일배송'->'일반배송/오늘출발'로 바꿀 수 있나요?](https://help.sell.smartstore.naver.com/faq/content.help?faqId=3375)\n*   [예약구매 등록 방법을 알고 싶어요.](https://help.sell.smartstore.naver.com/faq/content.help?faqId=3375)\n*   [예약구매란 무엇인가요?](https://help.sell.smartstore.naver.com/faq/content.help?faqId=3375)\n*   [예약구매를 등록할 수 있는 조건이 있나요?](https://help.sell.smartstore.naver.com/faq/content.help?faqId=3375)\n*   [예약구매+주문확인 후 제작 상품으로 등록하려는데, 주문확인 후 제작의 발송예정일을 설정할 수 없습니다.](https://help.sell.smartstore.naver.com/faq/content.help?faqId=3375)\n*   [예약구매 상품상세에 배송기간이 보이지 않아요.](https://help.sell.smartstore.naver.com/faq/content.help?faqId=3375)\n*   [예약구매 상품 등록 후 씨앗 등급으로 변경되었습니다. 이미 등록한 상품은 어떻게 되나요?](https://help.sell.smartstore.naver.com/faq/content.help?faqId=3375)\n*   [예약구매 상품 등록 시 유의사항이 있나요?](https://help.sell.smartstore.naver.com/faq/content.help?faqId=3375)\n*   [예약구매 최소주문수량은 무엇인가요?](https://help.sell.smartstore.naver.com/faq/content.help?faqId=3375)\n*   [예약구매 설정을 변경하고 싶어요.](https://help.sell.smartstore.naver.com/faq/content.help?faqId=3375)\n*   [예약구매 주문종료 후 재판매 가능한가요?](https://help.sell.smartstore.naver.com/faq/content.help?faqId=3375)\n*   [예약구매 최소주문수량에 미달하면 주문 건 처리는 어떻게 해야하나요?](https://help.sell.smartstore.naver.com/faq/content.help?faqId=3375)\n*   [판매가 입력 시 제한이 있나요?](https://help.sell.smartstore.naver.com/faq/content.help?faqId=3375)\n*   [포인트 설정 시 포토/동영상 리뷰 설정이 안돼요.](https://help.sell.smartstore.naver.com/faq/content.help?faqId=3375)\n*   [조합형 옵션을 사용중이며 옵션별 오늘출발 가능을 설정했으나 옵션 설정 내역이 반영되지 않았어요.](https://help.sell.smartstore.naver.com/faq/content.help?faqId=3375)\n*   [상품의 대표이미지를 동영상으로 등록할 수 있나요?](https://help.sell.smartstore.naver.com/faq/content.help?faqId=3375)\n*   [HTML 등록 시 오류메세지가 뜹니다. 어떻게 해야 하나요?](https://help.sell.smartstore.naver.com/faq/content.help?faqId=3375)\n*   [SmartEditorONE(스마트에디터)에서 HTML 변환 시 특정 이미지만 작게 노출됩니다. 왜 그런가요?](https://help.sell.smartstore.naver.com/faq/content.help?faqId=3375)\n*   [구매/혜택 조건을 설정하였으나, 구매자에게 포인트가 지급되지 않았어요.](https://help.sell.smartstore.naver.com/faq/content.help?faqId=3375)\n*   [상품등록 또는 상품수정 시 임시저장 버튼이 노출되지 않아요.](https://help.sell.smartstore.naver.com/faq/content.help?faqId=3375)\n*   [SmartEditorONE(스마트에디터)로 작성 후 저장 버튼이 노출되지 않아요.](https://help.sell.smartstore.naver.com/faq/content.help?faqId=3375)\n*   [SmartEditorONE(스마트에디터)에서 동영상 등록 시 사이즈가 작게 노출됩니다. 왜 그런가요?](https://help.sell.smartstore.naver.com/faq/content.help?faqId=3375)\n*   [SmartEditorONE(스마트에디터)에서 이미지 링크를 넣을 경우 크기 기준은 어떻게 되나요?](https://help.sell.smartstore.naver.com/faq/content.help?faqId=3375)\n*   [상품 등록/수정 시 브랜드 인증 권한이 없다고 노출됩니다.](https://help.sell.smartstore.naver.com/faq/content.help?faqId=3375)\n*   [스마트에디터 ONE으로 이미지태그 방법](https://help.sell.smartstore.naver.com/faq/content.help?faqId=3375)\n*   [스마트에디터 ONE 관련 자주 묻는 질문](https://help.sell.smartstore.naver.com/faq/content.help?faqId=3375)\n*   [스마트에디터 ONE에서 사진 업로드 시 \"일시적으로 파일전송을 사용할 수 없습니다.\" 오류가 노출됩니다. 어떻게 해야 하나요?](https://help.sell.smartstore.naver.com/faq/content.help?faqId=3375)\n*   [검색설정 등록 시 요즘 뜨는 HOT 태그가 노출되지 않아요. 왜 그런가요?](https://help.sell.smartstore.naver.com/faq/content.help?faqId=3375)\n*   ['1인 구매 최대 구매수량'을 설정한 경우, 설정완료일 이후부터 수량 집계되나요?](https://help.sell.smartstore.naver.com/faq/content.help?faqId=3375)\n*   [원산지 입력했으나 페이지에 노출되지 않아요.](https://help.sell.smartstore.naver.com/faq/content.help?faqId=3375)\n*   [KC 인증 > '제품 인증정보 확인'버튼 클릭 시 인증정보가 존재하지 않는다고 합니다.](https://help.sell.smartstore.naver.com/faq/content.help?faqId=3375)\n*   [스마트에디터 ONE에서 '장소' 이용 시 입력한 주소가 검색되지 않습니다.](https://help.sell.smartstore.naver.com/faq/content.help?faqId=3375)\n*   [원산지 등록 시 '원산지 다른 상품 함께 등록'은 무엇인가요?](https://help.sell.smartstore.naver.com/faq/content.help?faqId=3375)\n*   [판매자 상품코드로 검색 시 해당 상품 조회되지 않습니다.](https://help.sell.smartstore.naver.com/faq/content.help?faqId=3375)\n*   [\"옵션가\" 등록 시 주의사항이 있을까요?](https://help.sell.smartstore.naver.com/faq/content.help?faqId=3375)\n*   [오늘출발 설정 후 아이콘은 어떻게 노출 되나요?](https://help.sell.smartstore.naver.com/faq/content.help?faqId=3375)\n*   [상품 등록 시 '작업 중 오류가 발생하였습니다.'라는 알림창이 노출됩니다.](https://help.sell.smartstore.naver.com/faq/content.help?faqId=3375)\n*   [상품 상세페이지 상단 블로그, 카페, 저장, 공유하기 버튼이 노출되지 않습니다.](https://help.sell.smartstore.naver.com/faq/content.help?faqId=3375)\n*   [\"도서\" 정가제 미적용 상품인데 어떻게 등록해야 하나요?](https://help.sell.smartstore.naver.com/faq/content.help?faqId=3375)\n*   [SmartEditorONE(스마트에디터)에서 '내 템플릿' 삭제는 어떻게 하나요?](https://help.sell.smartstore.naver.com/faq/content.help?faqId=3375)\n*   [원산지 등록 기준이 어떻게 되나요?](https://help.sell.smartstore.naver.com/faq/content.help?faqId=3375)\n*   [태그 등록 시 태그명 옆 번호는 왜 노출되나요?](https://help.sell.smartstore.naver.com/faq/content.help?faqId=3375)\n*   [예약구매 등록 시 현재 주문수량 및 준비수량을 미노출하고 싶습니다. 어떻게 해야 하나요?](https://help.sell.smartstore.naver.com/faq/content.help?faqId=3375)\n*   ['1인 구매 최대 수량'을 설정했는데 설정한 수량보다 추가 결제되었습니다. 왜 그런가요?](https://help.sell.smartstore.naver.com/faq/content.help?faqId=3375)\n*   [KC인증 항목 내 인증명칭이 없을 경우 상세설명에 기재해도 괜찮은가요?](https://help.sell.smartstore.naver.com/faq/content.help?faqId=3375)\n*   [상품 등록 시 '제조사/카탈로그/제조일자를 입력해주세요.'라고 문구가 노출됩니다.](https://help.sell.smartstore.naver.com/faq/content.help?faqId=3375)\n*   [선결제 상품인데 '착불/판매자와 사전협의'문구가 노출됩니다. 왜그런가요?](https://help.sell.smartstore.naver.com/faq/content.help?faqId=3375)\n*   [비실물 서비스 이용권 상품 판매 시 유의할 사항이 있나요?](https://help.sell.smartstore.naver.com/faq/content.help?faqId=3375)\n*   [예약구매 주문기간(시작일) 이전에는 판매가 불가한가요?](https://help.sell.smartstore.naver.com/faq/content.help?faqId=3375)\n*   [상품등록중 미리보기 시 다른 정보가 노출되거나, 기능이 활성화되지 않습니다. 왜 그런가요?](https://help.sell.smartstore.naver.com/faq/content.help?faqId=3375)\n*   [구매/혜택 조건 중 상품 구매 시 포인트 지급 기준은 어떻게 되나요?](https://help.sell.smartstore.naver.com/faq/content.help?faqId=3375)\n*   [상품상세페이지 상하단에 \"도서\" 정보를 노출하고 싶어요.](https://help.sell.smartstore.naver.com/faq/content.help?faqId=3375)\n*   [태그 설정은 어디서 하나요?](https://help.sell.smartstore.naver.com/faq/content.help?faqId=3375)\n*   [네이버쇼핑에서 '오늘출발'아이콘이 노출되지 않습니다. 왜 그런가요?](https://help.sell.smartstore.naver.com/faq/content.help?faqId=3375)\n*   [SmartEditorONE(스마트에디터)에서 레이아웃 '편집'을 통해 이미지 크기를 변경하였으나, 적용되지 않습니다.](https://help.sell.smartstore.naver.com/faq/content.help?faqId=3375)\n*   [[풀필먼트] 상품에 풀필먼트를 설정하면 어떤 점이 좋나요?](https://help.sell.smartstore.naver.com/faq/content.help?faqId=3375)\n*   [[풀필먼트] 단독형 옵션은 풀필먼트를 설정 할 수 없나요?](https://help.sell.smartstore.naver.com/faq/content.help?faqId=3375)\n*   [[풀필먼트] 추가상품 등록 시 유의사항](https://help.sell.smartstore.naver.com/faq/content.help?faqId=3375)\n*   [[풀필먼트] 반품/교환지를 꼭 물류사 주소지로 해야하나요?](https://help.sell.smartstore.naver.com/faq/content.help?faqId=3375)\n*   [고객이 리뷰 작성 시 제공받는 포인트는 중복 지급이 가능한가요?](https://help.sell.smartstore.naver.com/faq/content.help?faqId=3375)\n*   [상품 대표이미지 확대 기능 소개](https://help.sell.smartstore.naver.com/faq/content.help?faqId=3375)\n*   [반품/교환 택배사 설정 시 보조 반품택배사가 기본값으로 노출되도록 설정 가능한가요?](https://help.sell.smartstore.naver.com/faq/content.help?faqId=3375)\n*   [gif 이미지가 일부만 노출됩니다. 왜 그런가요?](https://help.sell.smartstore.naver.com/faq/content.help?faqId=3375)\n*   ['특별 추가구매적립' 기준이 어떻게 되나요?](https://help.sell.smartstore.naver.com/faq/content.help?faqId=3375)\n*   [상품 등록 시 로그아웃이 진행되며, 재로그인 시 보안문자를 입력하도록 노출됩니다. 왜 그런가요?](https://help.sell.smartstore.naver.com/faq/content.help?faqId=3375)\n*   [SmartEditorONE(스마트에디터)에서 추가한 템플릿이 다른 아이디로 접속 시 공유되지 않습니다.](https://help.sell.smartstore.naver.com/faq/content.help?faqId=3375)\n*   [결제한도가 존재하는 카테고리가 있나요?](https://help.sell.smartstore.naver.com/faq/content.help?faqId=3375)\n*   [상품 등록 시 '택배,소포,등기'를 선택하면 택배사 항목이 노출됩니다. 필수로 설정해야 하나요?](https://help.sell.smartstore.naver.com/faq/content.help?faqId=3375)\n*   [상품 등록 시 설정한 택배사와 발송처리 택배사가 동일해야 하나요?](https://help.sell.smartstore.naver.com/faq/content.help?faqId=3375)\n*   [상품등록 시 설정한 택배사는 어디에 노출되나요?](https://help.sell.smartstore.naver.com/faq/content.help?faqId=3375)\n*   [상품 구매 시 지급받을 수 있는 포인트는 최대 얼마인가요?](https://help.sell.smartstore.naver.com/faq/content.help?faqId=3375)\n*   [상품상세 페이지 리뷰 영역에 옵션 필터가 노출 되는 조건은 무엇인가요?](https://help.sell.smartstore.naver.com/faq/content.help?faqId=3375)\n*   [조합형 옵션 사용여부를 N으로 설정했는데 옵션필터에 노출됩니다.](https://help.sell.smartstore.naver.com/faq/content.help?faqId=3375)\n*   [상품 상세페이지 내 사은품 이미지는 어떻게 등록하나요?](https://help.sell.smartstore.naver.com/faq/content.help?faqId=3375)\n*   [구매/혜택 내 사은품 이미지 등록 시 어디에 노출되나요?](https://help.sell.smartstore.naver.com/faq/content.help?faqId=3375)\n*   [상품 등록 시 '설정된 상품속성 단위가 유효하지 않습니다.' 라고 노출됩니다. 어떻게 해야 하나요?](https://help.sell.smartstore.naver.com/faq/content.help?faqId=3375)\n*   [상품 상세 작성 시 이미지 레이아웃 설정(콜라주,슬라이드)은 어떻게 하나요?](https://help.sell.smartstore.naver.com/faq/content.help?faqId=3375)\n*   [스마트스토어 앱(iOS) 이용중 사진보관함에서 사진 선택 시 이미지 불러오기 실패가 발생돼요.](https://help.sell.smartstore.naver.com/faq/content.help?faqId=3375)\n*   [상품상세에 상품링크 연결 시 다른 스토어의 링크를 연결해도 가능한가요?](https://help.sell.smartstore.naver.com/faq/content.help?faqId=3375)\n*   [[풀필먼트] 상품 내 풀필먼트 설정하였으나 풀필먼트 사용 중 API 연동 오류가 발생되어 출고처리가 되지 않았어요](https://help.sell.smartstore.naver.com/faq/content.help?faqId=3375)\n*   [해외 수입 '향수' 상품의 판매자격과 상품 기준을 강화하는 이유는 무엇인가요?](https://help.sell.smartstore.naver.com/faq/content.help?faqId=3375)\n*   [[풀필먼트] 풀필먼트 상품 등록 시 제한되는 것이 있나요?](https://help.sell.smartstore.naver.com/faq/content.help?faqId=3375)\n*   [[풀필먼트] 물류사에 따라 제한되는 것이 있나요?](https://help.sell.smartstore.naver.com/faq/content.help?faqId=3375)\n*   [[풀필먼트] 풀필먼트 상품 등록 시 묶음배송 유의 사항](https://help.sell.smartstore.naver.com/faq/content.help?faqId=3375)\n*   [[풀필먼트] 풀필먼트 상품은 출고지를 선택할 수 없나요?](https://help.sell.smartstore.naver.com/faq/content.help?faqId=3375)\n*   [[풀필먼트] 오늘출발 상품 등록 시 주의해야 할 사항이 있나요?](https://help.sell.smartstore.naver.com/faq/content.help?faqId=3375)\n*   [[풀필먼트] N배송 상품 등록 시 주의해야 할 사항이 있나요?](https://help.sell.smartstore.naver.com/faq/content.help?faqId=3375)\n*   [렌탈상품은 어떻게 등록할 수 있나요?](https://help.sell.smartstore.naver.com/faq/content.help?faqId=3375)\n*   [[쇼핑라이브 숏클립] 상품 대표이미지 영역에 숏클립을 노출하려면 어떻게 해야 하나요?](https://help.sell.smartstore.naver.com/faq/content.help?faqId=3375)\n*   [유아 도서 카테고리 ISBN 검사 시 '유효하지 않는 값입니다.'라고 확인됩니다.](https://help.sell.smartstore.naver.com/faq/content.help?faqId=3375)\n*   [상품 일괄등록으로 '택배사코드'를 입력했는데 '택배사를 필수로 입력해야 합니다.'문구가 확인됩니다.](https://help.sell.smartstore.naver.com/faq/content.help?faqId=3375)\n*   [상품 상세페이지 내 '영수증발급' 항목을 직접 입력할 수 있나요?](https://help.sell.smartstore.naver.com/faq/content.help?faqId=3375)\n*   [[쇼핑라이브 숏클립] 라이브 숏클립 설정 시, 숏클립 상태가 유효하지 않다고 나옵니다. 왜 그런가요?](https://help.sell.smartstore.naver.com/faq/content.help?faqId=3375)\n*   [[쇼핑라이브 숏클립] 상품에 노출할 숏클립을 설정하였으나, 상품 대표이미지에 반영되지 않습니다. 왜 그런가요?](https://help.sell.smartstore.naver.com/faq/content.help?faqId=3375)\n*   [[쇼핑라이브 숏클립] 상품에 노출할 숏클립의 정보 수정(공개 여부 / 숏클립에 소개할 상품 수정)은 어떻게 하나요?](https://help.sell.smartstore.naver.com/faq/content.help?faqId=3375)\n*   [[쇼핑라이브 숏클립] 대표이미지 내 '숏클립 보기'를 통해 유입 및 결제될 경우 수수료는 어떻게 부과되나요?](https://help.sell.smartstore.naver.com/faq/content.help?faqId=3375)\n*   [[라운지(브랜드스토어 전용)] 라운지 전용상품의 '상품정보 공개용'과 '상품정보 미공개용'의 차이는 무엇인가요?](https://help.sell.smartstore.naver.com/faq/content.help?faqId=3375)\n*   [[라운지(브랜드스토어 전용)] 라운지 전용 상품 구매 시 라운지 전용 상품 여부, 라운지 멤버 여부를 판단하는 시점은 어떻게 되나요?](https://help.sell.smartstore.naver.com/faq/content.help?faqId=3375)\n*   [[라운지(브랜드스토어 전용)] 라운지 전용 상품과 알림받기 전용 상품을 동시에 설정할 수 있나요?](https://help.sell.smartstore.naver.com/faq/content.help?faqId=3375)\n*   [상품 상세설명 등록 시 용량 제한이 있나요?](https://help.sell.smartstore.naver.com/faq/content.help?faqId=3375)\n*   [상품 상세페이지에 설명이 다 보이지 않아요.](https://help.sell.smartstore.naver.com/faq/content.help?faqId=3375)\n*   [[네이버쇼핑] 브랜드, 제조사 등록은 어떻게 하나요?](https://help.sell.smartstore.naver.com/faq/content.help?faqId=3375)\n*   [출시일 정책 안내](https://help.sell.smartstore.naver.com/faq/content.help?faqId=3375)\n*   [상품명에 '원산지 정보'가 표기됩니다. 왜 그런가요?](https://help.sell.smartstore.naver.com/faq/content.help?faqId=3375)\n*   [제조사는 왜 입력해야 하나요?](https://help.sell.smartstore.naver.com/faq/content.help?faqId=3375)\n*   [N배송 상품 묶음배송 설정 시 유의사항](https://help.sell.smartstore.naver.com/faq/content.help?faqId=3375)\n*   [SmartEditorONE(스마트에디터)에서 등록한 폰트의 크기가 다릅니다. 왜 그런가요?](https://help.sell.smartstore.naver.com/faq/content.help?faqId=3375)\n*   [[네이버쇼핑] 브랜드 제조사 등록 요청 했으나 기준에 맞지 않아 등록이 거부되었어요.](https://help.sell.smartstore.naver.com/faq/content.help?faqId=3375)\n*   [모델명을 '카탈로그로 입력'으로 하고 싶은데, 원하는 카탈로그가 검색되지 않아요.](https://help.sell.smartstore.naver.com/faq/content.help?faqId=3375)\n*   [상품 상세페이지에 \"함께 구매하고 배송비 절약해보세요\" 노출 기준은 어떻게 되나요?](https://help.sell.smartstore.naver.com/faq/content.help?faqId=3375)\n*   [전통주 상품 등록 시 유의사항이 있나요?](https://help.sell.smartstore.naver.com/faq/content.help?faqId=3375)\n*   [스토어 가입 승인 완료 후, \"현재 운영되고 있지 않습니다.\"라고 노출됩니다.](https://help.sell.smartstore.naver.com/faq/content.help?faqId=3375)\n*   [구매/혜택 조건 중 상품구매 시 포인트 지급의 '특별 추가구매적립' 기준을 알려주세요.](https://help.sell.smartstore.naver.com/faq/content.help?faqId=3375)\n*   [예약할인이 무엇인가요?](https://help.sell.smartstore.naver.com/faq/content.help?faqId=3375)\n*   [네이버 쇼핑에 홍보문구(이벤트 필드) 노출은 어떻게 하나요?](https://help.sell.smartstore.naver.com/faq/content.help?faqId=3375)\n*   [[빠른상품 등록 솔루션] 빠른상품 등록은 어떻게 사용할 수 있나요?](https://help.sell.smartstore.naver.com/faq/content.help?faqId=3375)\n*   [[빠른상품 등록 솔루션] 모든 카테고리에서 사용 가능한가요?](https://help.sell.smartstore.naver.com/faq/content.help?faqId=3375)\n*   [[빠른상품 등록 솔루션] 솔루션 이용 후 스마트스토어 앱에서 기존 상품등록 서비스는 사용할 수 없나요?](https://help.sell.smartstore.naver.com/faq/content.help?faqId=3375)\n*   [[빠른상품 등록 솔루션] 기존의 상품등록과 무엇이 다르나요?](https://help.sell.smartstore.naver.com/faq/content.help?faqId=3375)\n*   [[빠른상품 등록 솔루션] 빠른상품 등록/수정을 완료하면 바로 스토어에 상품이 노출되나요?](https://help.sell.smartstore.naver.com/faq/content.help?faqId=3375)\n*   [[빠른상품 등록 솔루션] 기존 PC를 통해 이미 등록 완료된 상품도 '빠른상품수정'으로 수정 가능할까요?](https://help.sell.smartstore.naver.com/faq/content.help?faqId=3375)\n*   [[빠른상품 등록 솔루션] 빠른상품등록으로 등록한 상품도 스마트스토어 상품과 동일하게 취급되나요?](https://help.sell.smartstore.naver.com/faq/content.help?faqId=3375)\n*   [[빠른상품 등록 솔루션] 배송 및 AS 정보(부가정보 페이지)는 한 번만 등록 가능하다고 하는데, 수정 필요하면 어떻게 하나요?](https://help.sell.smartstore.naver.com/faq/content.help?faqId=3375)\n*   [[빠른상품 등록 솔루션] 옵션 재고 별 수량 입력했는데 총 재고수량이 입력되어있어요.](https://help.sell.smartstore.naver.com/faq/content.help?faqId=3375)\n*   [[빠른상품 등록 솔루션] 이미 등록된 상품을 빠른상품등록으로 수정하고 싶은데, 필수값만 노출되어있어요. 수정하면 값이 모두 초기화되나요?](https://help.sell.smartstore.naver.com/faq/content.help?faqId=3375)\n*   [[빠른상품 등록 솔루션] 미리 어떻게 상품이 등록되는지 미리보기를 볼 수는 없나요?](https://help.sell.smartstore.naver.com/faq/content.help?faqId=3375)\n*   [[빠른상품 등록 솔루션] 할인가는 입력 불가능한가요?](https://help.sell.smartstore.naver.com/faq/content.help?faqId=3375)\n*   [[빠른상품 등록 솔루션] 복사 기능은 사용이 안되나요?](https://help.sell.smartstore.naver.com/faq/content.help?faqId=3375)\n*   [[빠른상품 등록 솔루션] 임시 저장 기능은 제공되지 않나요?](https://help.sell.smartstore.naver.com/faq/content.help?faqId=3375)\n*   [[빠른상품 등록 솔루션] 옵션별 가격은 사용할 수 없나요?](https://help.sell.smartstore.naver.com/faq/content.help?faqId=3375)\n*   [[빠른상품 등록 솔루션] '빠른상품수정'기능을 통해 수정하는데, '수정이 불가한 상품군'이라고 노출돼요. 왜 그런가요?](https://help.sell.smartstore.naver.com/faq/content.help?faqId=3375)\n*   [[빠른상품 등록 솔루션] 스마트스토어와 쇼핑윈도 동시 운영중입니다. 스마트스토어 앱 빠른상품 등록/수정 메뉴를 통해 상품 등록/수정 할 수 있나요?](https://help.sell.smartstore.naver.com/faq/content.help?faqId=3375)\n*   [[빠른상품 등록 솔루션] 솔루션 결제 후 빠른상품 수정 메뉴에 접속 했으나 윈도 상품이 확인되지 않습니다. 왜그런가요?](https://help.sell.smartstore.naver.com/faq/content.help?faqId=3375)\n*   [[그룹상품] 카테고리는 어떻게 설정해야 하나요?](https://help.sell.smartstore.naver.com/faq/content.help?faqId=3375)\n*   [[그룹상품] 상품명 등록 기준을 알고 싶어요.](https://help.sell.smartstore.naver.com/faq/content.help?faqId=3375)\n*   [[그룹상품] '판매옵션'은 어떻게 등록하나요?](https://help.sell.smartstore.naver.com/faq/content.help?faqId=3375)\n*   [[그룹상품] '할인'이란 무엇인가요?](https://help.sell.smartstore.naver.com/faq/content.help?faqId=3375)\n*   [[그룹상품] 모델명은 어떻게 등록하고 수정하나요?](https://help.sell.smartstore.naver.com/faq/content.help?faqId=3375)\n*   [[그룹상품] 원하는 카탈로그 및 구매조건이 없어요.](https://help.sell.smartstore.naver.com/faq/content.help?faqId=3375)\n*   [[그룹상품] '추가상품'은 어떻게 등록하나요?](https://help.sell.smartstore.naver.com/faq/content.help?faqId=3375)\n*   [[그룹상품] 구매/리뷰 혜택 조건 입력 시 유의사항이 있나요?](https://help.sell.smartstore.naver.com/faq/content.help?faqId=3375)\n*   [[그룹상품] 추가문구는 무엇인가요?](https://help.sell.smartstore.naver.com/faq/content.help?faqId=3375)\n*   [[그룹상품] '검색노출 그룹'은 무엇인가요?](https://help.sell.smartstore.naver.com/faq/content.help?faqId=3375)\n*   [‘카탈로그 연결상태’란 무엇인가요?](https://help.sell.smartstore.naver.com/faq/content.help?faqId=3375)\n*   [[그룹상품] 등록한 그룹상품은 검색 리스트, 상품 상세페이지에 어떻게 노출되나요?](https://help.sell.smartstore.naver.com/faq/content.help?faqId=3375)\n*   [모바일과 PC 할인을 각각 설정하고 싶은데 왜 통합된건가요?](https://help.sell.smartstore.naver.com/faq/content.help?faqId=3375)\n*   [[그룹상품] 판매옵션값 입력 가이드](https://help.sell.smartstore.naver.com/faq/content.help?faqId=3375)\n*   [Npay 포인트·머니는 무엇인가요?](https://help.sell.smartstore.naver.com/faq/content.help?faqId=3375)\n*   [상품 내 가격이 대표가격이 아닌 다른 가격으로 노출되요.](https://help.sell.smartstore.naver.com/faq/content.help?faqId=3375)\n*   [[그룹상품] 그룹상품 등록 시 상품 등록 개수 기준은 어떻게 되나요?](https://help.sell.smartstore.naver.com/faq/content.help?faqId=3375)\n*   [비실물 서비스 이용권 판매 시 결제수단 제한이 있나요?](https://help.sell.smartstore.naver.com/faq/content.help?faqId=3375)\n*   ['사이즈'는 어떤 정보를 입력하나요?](https://help.sell.smartstore.naver.com/faq/content.help?faqId=3375)\n*   [판매가 설정 시 '판매가를 기준으로 -80% ~ + 50% 이내로 입력해 주세요.' 문구가 노출됩니다. 어떻게 해야 하나요?](https://help.sell.smartstore.naver.com/faq/content.help?faqId=3375)\n*   [예약구매 상품이 검색 결과에 노출되나요?](https://help.sell.smartstore.naver.com/faq/content.help?faqId=3375)\n*   [네이버쇼핑에 '가격비교 매칭'은 어떻게 요청 하나요?](https://help.sell.smartstore.naver.com/faq/content.help?faqId=3375)\n*   [N배송 상품도 예약구매로 판매할 수 있나요?](https://help.sell.smartstore.naver.com/faq/content.help?faqId=3375)\n*   [[그룹상품] '색상칩'은 어떻게 설정해야 하나요?](https://help.sell.smartstore.naver.com/faq/content.help?faqId=3375)\n*   [[그룹상품] 그룹 공통 정보에는 무엇이 있나요?](https://help.sell.smartstore.naver.com/faq/content.help?faqId=3375)\n*   [품번이란 무엇인가요?](https://help.sell.smartstore.naver.com/faq/content.help?faqId=3375)\n*   [SmartEditorONE(스마트에디터)에서 이미지를 등록할 때는 여백이 없지만, 등록 후 상세 페이지를 확인하면 여백이 생기는 이유는 무엇인가요?](https://help.sell.smartstore.naver.com/faq/content.help?faqId=3375)\n*   [[그룹상품] 구성품이 다른 상품을 그룹상품으로 등록할 수 있나요?](https://help.sell.smartstore.naver.com/faq/content.help?faqId=3375)\n*   [회원가입을 진행했으나 아직 심사는 진행되지 않았습니다. 상품을 먼저 등록할 수 있나요?](https://help.sell.smartstore.naver.com/faq/content.help?faqId=3375)\n*   [특정 지역에서만 구매가 가능하도록 상품을 설정할 수 있나요?](https://help.sell.smartstore.naver.com/faq/content.help?faqId=3375)\n*   [SKU 재고는 상품에 어떻게 연동되나요?](https://help.sell.smartstore.naver.com/faq/content.help?faqId=3375)\n*   [1개의 SKU를 여러 상품에 연결하고 싶습니다. 주의해야 할 게 있나요?](https://help.sell.smartstore.naver.com/faq/content.help?faqId=3375)\n*   [네이버쇼핑에 '가격비교 매칭 해제'는 어떻게 요청 하나요?](https://help.sell.smartstore.naver.com/faq/content.help?faqId=3375)\n*   [상품 등록 시 체육시설 문화비 소득공제 설정을 할 수 있나요?](https://help.sell.smartstore.naver.com/faq/content.help?faqId=3375)\n*   [[그룹상품] 상품별 배송 속성을 다르게 설정해도 되나요?](https://help.sell.smartstore.naver.com/faq/content.help?faqId=3375)\n*   [[정기구독] 배송회차 <설정안함> 선택 시 어떻게 되나요? (무제한 구독이 무엇인가요?)](https://help.sell.smartstore.naver.com/faq/content.help?faqId=3375)\n*   [장기 임대 상품 취급 가능 여부](https://help.sell.smartstore.naver.com/faq/content.help?faqId=3375)\n\n*   [이용약관](https://sell.smartstore.naver.com/#/terms/agreement \"새창\")\n*   [전자금융거래 이용약관](https://new-m.pay.naver.com/member/terms-policy/finance \"새창\")\n*   [**개인정보 처리방침**](http://mktg.naver.com/privacy/privacy.html \"새창\")\n*   [청소년 보호정책](http://www.naver.com/policy/youthpolicy.html \"새창\")\n*   [책임의 한계와 법적고지](http://smartstore.naver.com/main/rules/responsibility \"팝업\")\n*   [안전거래가이드](http://ips.smartstore.naver.com/main/rules/safety \"새창\")\n*   [고객센터](https://help.sell.smartstore.naver.com/)\n\n네이버㈜는 결제정보의 중개서비스 또는 통신판매중개시스템의 제공자로서, 통신판매의 당사자가 아니며, 상품의 주문, 배송 및 환불 등과 관련한 의무와 책임은 각 판매자에게 있습니다.\n\n또한 판매자와 구매자간의 직거래에 대하여 당사는 관여하지 않기 때문에 거래에 대해서는 책임을 지지 않습니다.\n\n*   사업자등록번호 : 220-81-62517\n*   통신판매업신고번호 : 제2006-경기성남-0692호\n*   대표이사 : 최수연\n*   [사업자정보확인](https://www.ftc.go.kr/bizCommPop.do?wrkr_no=2208162517 \"새창\")\n*   주소 : 경기도 성남시 분당구 정자일로 95, NAVER 1784 (13561)\n*   전화 : 1588-3819\n*   이메일 : [helpcustomer@naver.com](mailto:helpcustomer@naver.com)\n*   [1:1문의](https://help.sell.smartstore.naver.com/mail/form.help)\n\n[NAVER](http://www.navercorp.com/ko/index.nhn \"새창\")\n\nCopyright © [**NAVER Corp.**](http://www.navercorp.com/ko/index.nhn \"새창\") All rights reserved."
      },
      {
        "platform": "naver",
        "title": "네이버 커머스솔루션마켓 - Naver",
        "url": "https://solution.smartstore.naver.com/ko/solution/3taP85oosSrmMGUR8xlOKu/detail",
        "snippet": "네이버 커머스솔루션마켓\n\n본문으로 바로가기\n\n    NAVER커머스솔루션마켓 ========  \n   스마트스토어센터\n\n   로그인하기)\n\n)\n\n로그인 해주세요.)\n\n)\n\n스마트스토어센터\n\n   스마트스토어센터홈\n   솔루션관리\n\n로그인)\n\n© NAVER Corp.\n\nImage 1: icon\n\n트렌드 Quick 모니터링\n\n네이버 쇼핑 인기 키워드 ・ 상품 정보를 톡톡메시지로 받아보세요!\n\nNAVER\n\n   구독자\n\n8,000+명 \n   카테고리\n\n데이터 분석 \n   뱃지\n\n       스마트스토어센터 바로사용\n\n추가하기 \n\n추가하기 \n\nImage 2: icon\n\n트렌드 Quick 모니터링\n\n추가하기 \n\nImage 3: 톡톡메시지로 편리하게 받는 리포트\n\nImage 4: 네이버쇼핑 인기 키워드, 상품 체크\n\nImage 5: 정보를 확인하고 싶은 카테고리 선택\n\n다음 컨텐츠 보기)\n\n### 네이버쇼핑 인기 키워드 · 상품을 알려드려요 [...] 네이버쇼핑에서 많이 찾는 키워드가 무엇인지 궁금하신가요?\n\n요즘 어떤 상품이 인기인지 하나하나 찾아보고 계신가요?\n\n트렌드 Quick 모니터링 솔루션을 구독하면\n\n톡톡메시지로 인기 키워드/상품의 랭킹 정보를 최대 20위까지 받아볼 수 있어요!\n\n   톡톡메시지로 편리하게 받는 리포트! 메시지만 확인하면 네이버 쇼핑 트렌드를 쉽고 빠르게 파악할 수 있어요.\n   네이버쇼핑 인기 키워드, 상품 체크! 네이버에서 인기있는 쇼핑 키워드와 상품의 랭킹정보를 알려드려요.\n   정보를 확인하고 싶은 카테고리 선택 대분류 부터 소분류까지 카테고리를 선택할 수 있어 나에게 필요한 키워드, 상품 정보만 골라서 받아볼 수 있어요.\n\n   #퀵모니터링\n   #상품랭킹\n   #검색어랭킹\n   #시장트렌드\n   #데이터분석\n   #상품소싱\n   #인기키워드\n   #시장분석\n\n   최종 업데이트 2025-07-21\n\n​\n\n​\n\nImage 6\n\n접기 더 자세한 내용 확인하기)\n\n### 월 사용요금 [...] 내가 구독한 카테고리가 아니라 다른 카테고리의 리포트가 왔어요. 본 솔루션에서는 판매자분들의 카테고리 선택 자유도를 위하여 대,중,소의 상세한 카테고리를 제공중입니다. 최종 선택한 카테고리가 중분류, 소분류 일 경우 데이터가 생성되지 않는 날이 있을 수 있습니다. 데이터가 생성되지 않을 경우 자동으로 선택하신 중분류, 소분류의 상위 대분류의 데이터를 제공하게 됩니다.\n\n 주말, 공휴일에 리포트가 오지 않았어요. 2024년 10월 30일 부터 주말, 공휴일에는 트렌드 데이터가 업데이트 되지 않기 때문에 톡톡 리포트도 발송되지 않습니다. \n\n 리포트에 제공되는 인기 상품, 인기 검색어가 20개 미만이에요. 집계 기간동안 쌓인 데이터가 제공기준을 넘지 못할 경우, 실제 유의미한 데이터가 적을 경우 20개 이하의 상품과 검색어가 제공될 수 있습니다.",
        "score": 0.060779896,
        "timestamp": "2025-11-29T02:23:20.952660",
        "raw_content": "네이버 커머스솔루션마켓\n\n===============\n\n[본문으로 바로가기](https://solution.smartstore.naver.com/ko/#seller-content)\n\n*    [NAVER](https://www.naver.com/)[커머스솔루션마켓 ========](https://solution.smartstore.naver.com/ko)  \n*   [스마트스토어센터](https://sell.smartstore.naver.com/#/home)\n\n*   [로그인하기](javascript:void(0))\n\n[](javascript:void(0))\n\n[로그인 해주세요.](javascript:void(0))\n\n[](javascript:void(0))\n\n**스마트스토어센터**\n------------\n\n*   [스마트스토어센터홈](https://sell.smartstore.naver.com/#)\n*   [솔루션관리](https://sell.smartstore.naver.com/#/commerce-solution/solution-list)\n\n[로그인](javascript:void(0))\n\n[**© NAVER Corp.**](https://www.navercorp.com/ \"Naver\")\n\n![Image 1: icon](https://shop-phinf.pstatic.net/20230608_180/1686187397907i2lUL_PNG/%C6%AE%B7%BB%B5%E5_296.png?type=f300)\n\n트렌드 Quick 모니터링\n--------------\n\n네이버 쇼핑 인기 키워드 ・ 상품 정보를 톡톡메시지로 받아보세요!\n\n**NAVER**\n\n*   구독자\n\n**8,000+**명 \n*   카테고리\n\n데이터 분석 \n*   뱃지\n\n    *   스마트스토어센터 바로사용\n\n추가하기 \n\n추가하기 \n\n![Image 2: icon](https://shop-phinf.pstatic.net/20230608_180/1686187397907i2lUL_PNG/%C6%AE%B7%BB%B5%E5_296.png?type=f140)\n\n트렌드 Quick 모니터링\n--------------\n\n추가하기 \n\n![Image 3: 톡톡메시지로 편리하게 받는 리포트](https://shop-phinf.pstatic.net/20230608_198/1686187414175wu3zw_PNG/%C4%FC%B8%F0%B4%CF%C5%CD%B8%B5_12x.png?type=w600)\n\n![Image 4: 네이버쇼핑 인기 키워드, 상품 체크](https://shop-phinf.pstatic.net/20240920_2/17268158038401Szl6_PNG/%BC%D6%B7%E7%BC%C7_%BB%F3%BC%BC%C6%E4%C0%CC%C1%F6_%C0%CC%B9%CC%C1%F6_%C6%AE%B7%BB%B5%E5_Quick%B8%F0%B4%CF%C5%CD%B8%B5_960x600.png?type=w600)\n\n![Image 5: 정보를 확인하고 싶은 카테고리 선택](https://shop-phinf.pstatic.net/20230608_120/1686187434615C5wiB_PNG/%C4%FC%B8%F0%B4%CF%C5%CD%B8%B5_32x.png?type=w600)\n\n[다음 컨텐츠 보기](javascript:void(0))\n\n### 네이버쇼핑 인기 키워드 · 상품을 알려드려요\n\n네이버쇼핑에서 많이 찾는 키워드가 무엇인지 궁금하신가요?\n\n요즘 어떤 상품이 인기인지 하나하나 찾아보고 계신가요?\n\n트렌드 Quick 모니터링 솔루션을 구독하면\n\n톡톡메시지로 인기 키워드/상품의 랭킹 정보를 최대 20위까지 받아볼 수 있어요!\n\n*   **톡톡메시지로 편리하게 받는 리포트! 메시지만 확인하면 네이버 쇼핑 트렌드를 쉽고 빠르게 파악할 수 있어요.**\n*   **네이버쇼핑 인기 키워드, 상품 체크! 네이버에서 인기있는 쇼핑 키워드와 상품의 랭킹정보를 알려드려요.**\n*   **정보를 확인하고 싶은 카테고리 선택 대분류 부터 소분류까지 카테고리를 선택할 수 있어 나에게 필요한 키워드, 상품 정보만 골라서 받아볼 수 있어요.**\n\n*   #퀵모니터링\n*   #상품랭킹\n*   #검색어랭킹\n*   #시장트렌드\n*   #데이터분석\n*   #상품소싱\n*   #인기키워드\n*   #시장분석\n\n*   최종 업데이트 2025-07-21\n\n**​**\n\n**​**\n\n[![Image 6](https://shop-phinf.pstatic.net/20240920_138/1726817345755JtQwa_PNG/%ED%8A%B8%EB%A0%8C%EB%93%9C_Quick_%EB%AA%A8%EB%8B%88%ED%84%B0%EB%A7%81.png?type=w860)](https://solution.smartstore.naver.com/ko/)\n\n[접기 더 자세한 내용 확인하기](javascript:void(0))\n\n### 월 사용요금\n\n커머스솔루션마켓에서 결제되는 정기결제 금액입니다. 솔루션 결제 내역에서 확인하실 수 있습니다.\n\n*   무료**0**_원/월_   \n\n추가하기    \n\n#### 확인해주세요\n\n* 솔루션 추가 후 톡톡 메시지를 수신할 네이버ID와 원하는 카테고리 설정을 반드시 해야 합니다.\n\n* 위 설정은 스마트스토어센터의 [커머스솔루션 > Quick 모니터링 관리 > 트렌드 모니터링] 메뉴에서 할 수 있습니다.\n\n* 수신할 네이버ID와 카테고리 설정을 모두 완료하지 않았거나, 톡톡에서 '트렌드 Quick 모니터링' 계정을 수신거부하면 리포트가 발송되지 않습니다.\n\n* 수신할 네이버ID와 카테고리 설정을 모두 완료하면 그 다음날부터 톡톡 메시지로 리포트가 발송되고, 설정을 변경하는 것 또한 변경일 하루 뒤에 반영됩니다.\n\n*주말 및 공휴일에는 톡톡이 발송되지 않습니다. 금요일에 솔루션을 구독하실 경우 주말동안 리포트를 받아보실 수 없습니다. (24/10/30 부터 적용)\n\n### 자주 묻는 질문\n\n 솔루션을 추가했는데 톡톡메시지 리포트가 오지 않았어요 네이버ID와 카테고리 정보를 모두 설정했는지 확인해 주세요. 둘 중 하나라도 설정이 안 되어 있으면 리포트가 발송되지 않습니다.\n\n2024년 10월 30일 부터 주말 및 공휴일에는 톡톡이 발송되지 않습니다. 설정을 완료 해도 주말 및 공휴일에는 리포트가 발송되지 않습니다. \n\n 오늘 솔루션 추가했는데 오늘 톡톡메시지 리포트가 오지 않았어요 톡톡메시지 리포트는 처음으로 네이버ID와 카테고리 정보를 설정한 그 다음날부터 발송됩니다.\n\n 네이버ID, 카테고리를 설정했는데도 톡톡메시지 리포트가 오지 않았어요. 톡톡에서 '트렌드 Quick 모니터링' 계정을 차단한 것 아닌지 확인해 주세요. '트렌드 Quick 모니터링' 계정이 보낸 톡톡 메시지창에서 [톡톡 알림설정] 들어가 차단 여부를 확인할 수 있습니다.\n\n 스마트스토어센터의 'Quick 모니터링 관리' 메뉴가 안 보여요 솔루션이 사용중 상태이고, 통합매니저/주매니저 권한인 판매자만 접근할 수 있습니다.\n\n 여러 카테고리 데이터를 받을 수는 없나요? 판매자당 1개의 카테고리만 설정 가능하고, 1개 내에서 변경만 가능합니다.\n\n 톡톡 메시지 리포트는 어디에서 확인하나요?  네이버 서비스 중 ‘톡톡’ 서비스에서 볼 수 있습니다. 네이버 검색창에서 '네이버 톡톡'을 검색하시면 쉽게 찾을 수 있고 ( [https://talk.naver.com/](https://talk.naver.com/) ) 톡톡의 대화목록에서 '트렌드 Quick 모니터링' 계정의 메시지를 확인할 수 있습니다.\n\n 트렌드 Quick 모니터링 리포트에 대해 궁금한 내용이 있어요. FAQ는 어디에서 확인할 수 있나요? 스마트스토어센터 > 고객센터에서 확인 가능합니다. 스마트스토어센터의 솔루션 관리 메뉴에서 '도움말'을 누르셔도 확인할 수 있습니다. *고객센터 : [https://help.sell.smartstore.naver.com/faq/list.help?categoryId=10902](https://help.sell.smartstore.naver.com/faq/list.help?categoryId=10902)\n\n 내가 구독한 카테고리가 아니라 다른 카테고리의 리포트가 왔어요. 본 솔루션에서는 판매자분들의 카테고리 선택 자유도를 위하여 대,중,소의 상세한 카테고리를 제공중입니다. 최종 선택한 카테고리가 중분류, 소분류 일 경우 데이터가 생성되지 않는 날이 있을 수 있습니다. 데이터가 생성되지 않을 경우 자동으로 선택하신 중분류, 소분류의 상위 대분류의 데이터를 제공하게 됩니다.\n\n 주말, 공휴일에 리포트가 오지 않았어요. 2024년 10월 30일 부터 주말, 공휴일에는 트렌드 데이터가 업데이트 되지 않기 때문에 톡톡 리포트도 발송되지 않습니다. \n\n 리포트에 제공되는 인기 상품, 인기 검색어가 20개 미만이에요. 집계 기간동안 쌓인 데이터가 제공기준을 넘지 못할 경우, 실제 유의미한 데이터가 적을 경우 20개 이하의 상품과 검색어가 제공될 수 있습니다. \n\n 오늘 리포트에 제공되는 데이터의 기준은 언제인가요? 트렌드 quick 모니터링에서는 리포트 발송 시점에 제공가능한 가장 최신 데이터를 기준으로 제공하고 있습니다. 정확한 일자 기준은 네이버 플러스 스토어 > 베스트 차트에서 확인 가능합니다. \n\n[더보기](javascript:void(0))\n\n### 제한사항\n\n- 솔루션 추가 후 톡톡메시지를 수신할 네이버 ID 설정, 카테고리 정보 설정을 모두 완료해야만 리포트를 수신할 수 있습니다.\n\n- 설정을 모두 완료하지 않으면 리포트가 발송되지 않으므로 반드시 설정을 완료해주세요. (※스마트스토어센터 > 커머스솔루션 > Quick 모니터링 관리 > 트렌드 모니터링)\n\n- 톡톡에서 트렌드 Quick 모니터링 계정을 수신거부하면 리포트가 발송되지 않습니다.\n\n- 자세한 내용은 이용약관을 참고해주세요.\n\n*   [이용약관](https://sell.smartstore.naver.com/#/terms/agreement)\n*   [전자금융거래 이용약관](https://pay.naver.com/provision?viewType=electronic \"전자금융거래 이용약관\")\n*   [**개인정보 처리방침**](https://business.naver.com/privacy/privacy.html \"새창\")\n*   [청소년 보호정책](https://policy.naver.com/policy/youthpolicy.html \"새창\")\n*   [책임의 한계와 법적고지](javascript:void(0) \"팝업\")\n*   [안전거래가이드](https://ips.smartstore.naver.com/main/rules/safety \"새창\")\n*   [고객센터](https://help.sell.smartstore.naver.com/index.help)\n\n커머스솔루션마켓 내 솔루션은 솔루션 공급사가 판매회원들의 판매 활동을 돕기 위하여 판매회원에게 직접 제공하는 서비스입니다.\n\n네이버(주)는 솔루션 공급사와 판매회원 간 솔루션 거래를 중개하는 사업자로, 네이버(주)가 직접 제공하는 일부 솔루션을 제외하고는, 커머스솔루션마켓에 게재된 솔루션의 제공자가 아니며,\n\n각 솔루션의 내용, 정보, 거래, 이용과 관련한 의무와 책임은 이를 제공한 솔루션 공급사에게 있고 중개자인 네이버(주)는 이와 관련한 책임을 지지 않습니다.\n\n*   사업자등록번호 : 220-81-62517\n*   통신판매업신고번호 : 제2006-경기성남-0692호\n*   대표이사 : 최수연\n*   [사업자정보확인](http://www.ftc.go.kr/bizCommPop.do?wrkr_no=2208162517 \"새창\")\n\n*   주소 : 경기도 성남시 분당구 정자일로 95, NAVER 1784, 13561\n*   전화상담 (전화 전 클릭)\n*   [톡톡상담](https://talk.naver.com/ct/wcbgqj?frm=cstpn)\n*   [솔루션 입점](https://apicenter.commerce.naver.com/ko/basic/main)\n\n[NAVER](https://www.navercorp.com/ \"새창\")\n\n Copyright © [**NAVER Corp.**](https://www.navercorp.com/ \"새창\") All rights reserved. \n\n**법적고지**펼쳐보기\n커머스솔루션마켓 내 솔루션은 솔루션 공급사가 판매회원들의 판매 활동을 돕기 위하여 판매회원에게 직접 제공하는 서비스입니다.\n\n네이버(주)는 솔루션 공급사와 판매회원 간 솔루션 거래를 중개하는 사업자로, 네이버(주)가 직접 제공하는 일부 솔루션을 제외하고는, 커머스솔루션마켓에 게재된 솔루션의 제공자가 아니며,\n\n각 솔루션의 내용, 정보, 거래, 이용과 관련한 의무와 책임은 이를 제공한 솔루션 공급사에게 있고 중개자인 네이버(주)는 이와 관련한 책임을 지지 않습니다.\n\n[TOP](javascript:void(0);)\n\n[네이버(주) 사업자정보](javascript:void(0);)\n\n대표이사 최수연 주소 경기도 성남시 분당구 정자일로 95\n\nNAVER 1784, 13561 전화[전화상담 (전화 전 클릭)](javascript:void(0))사업자등록번호 220-81-62517 통신판매업신고번호 제2006-경기성남-0692호\n\n[이용약관](https://sell.smartstore.naver.com/#/terms/agreement)[**개인정보처리방침**](https://business.naver.com/privacy/privacy.html \"개인정보처리방침\")[고객센터](https://m.help.naver.com/support/service/main.help?serviceNo=17535 \"고객센터\")[톡톡상담](https://talk.naver.com/ct/wcbgqj?frm=cstpn)[솔루션 입점](https://apicenter.commerce.naver.com/ko/basic/main)[© NAVER Corp.](https://www.navercorp.com/ \"Naver\")\n\n[Top](javascript:void(0))\n\n![Image 7: 로딩중](https://solution.smartstore.naver.com/ko/assets/img/loading_white.gif)"
      },
      {
        "platform": "naver",
        "title": "스마트스토어 고객센터",
        "url": "https://help.sell.smartstore.naver.com/faq/content.help?faqId=5077",
        "snippet": "전체\n   전체\n   홈\n   회원가입\n   상품관리\n   쇼핑윈도관리\n   판매관리\n   정산관리\n   문의/리뷰관리\n   스토어관리\n   혜택/마케팅\n   브랜드 혜택/마케팅\n   커머스솔루션\n   데이터 분석\n   광고관리\n   프로모션 관리\n   N배송 관리\n   판매자 정보\n   공지사항\n   공통/기타\n\n검색어 입력 0/100\n\n검색\n\n자동완성 켜기 자동완성 끄기 닫기\n\n   자주 묻는 질문\n   ★ 메뉴 활용 방법\n   2단계 인증\n   가입 절차\n   고객확인제도\n   수수료의 종류\n   상품등록\n   발송처리\n   자동 구매확정\n   부가세신고\n\n### 카탈로그 가격관리\n\n   ★ 카탈로그 가격관리 메뉴 활용방법네이버 쇼핑 카탈로그에 상품 정보를 활용하여 내 판매 상품의 가격 관리를 용이하게 해주는 메뉴입니다.\n\n내 판매 상품이 포함된 카탈로그에 최저 가격을 쉽게 확인할 수 있으며, 가격경쟁력과 인기 상품 위주로 관리할 수 있도록 도움드립니다. [...] 스마트스토어 고객센터\n\nNAVER스마트스토어센터\n\n로그인\n\n궁금할 땐 톡톡상담하세요!\n\n톡톡상담\n\n   홈\n       홈\n\n   회원가입\n       신규 회원가입\n       초대로 회원가입\n       아이디/비밀번호 찾기\n       탈퇴/재가입\n       네이버 쇼핑 입점\n       2단계 인증\n\n   상품관리\n       그룹상품 리뷰이동\n       그룹상품 노출 관리\n       상품 조회/수정\n       상품 등록\n       상품 일괄등록\n       카탈로그 가격관리\n       연관상품 관리\n       사진 보관함\n       배송정보 관리\n       템플릿 관리\n       공지사항 관리\n       상품정보 검색품질(SEO)\n       구독 관리\n       상품명 마스터\n       등록 정보 검토\n       검색 순위 진단 [...] 문의/리뷰관리\n       문의 관리\n       고객문의 관리\n       리뷰 관리\n       리뷰이벤트 관리\n       상품상세 블로그글 노출\n       톡톡 상담하기\n       톡톡 쇼핑챗봇/AI FAQ 설정\n\n   스토어관리\n       스마트스토어\n       카테고리 관리\n       쇼핑스토리 관리\n       쇼핑라이브 숏클립 등록\n       기본정보 관리\n       API 관리\n       SNS 설정\n       쇼핑윈도 노출 신청\n       네이버 서비스 연결\n       가격비교 서비스 연결\n\n   혜택/마케팅\n       혜택 등록\n       혜택 조회/수정\n       혜택 리포트\n       포인트 지급관리\n       포인트 지급내역 조회\n       고객등급 관리\n       마케팅 보내기\n       마케팅 이력\n       마케팅 통계\n       AI 마케팅 효과분석\n       마케팅 링크 관리",
        "score": 0.05217782,
        "timestamp": "2025-11-29T02:23:20.952661",
        "raw_content": "스마트스토어 고객센터\n\n===============\n\n[NAVER](http://www.naver.com/ \"NAVER\")[스마트스토어센터](https://sell.smartstore.naver.com/ \"스마트스토어센터\")\n===============================================================================================\n\n[로그인](https://help.sell.smartstore.naver.com/faq/content.help?faqId=5077#)\n\n궁금할 땐 톡톡상담하세요!\n\n[톡톡상담](https://help.sell.smartstore.naver.com/faq/content.help?faqId=5077#)\n\n*   [홈](https://help.sell.smartstore.naver.com/faq/content.help?faqId=5077)\n    *   [홈](https://help.sell.smartstore.naver.com/faq/list.help?categoryId=11082)\n\n*   [회원가입](https://help.sell.smartstore.naver.com/faq/content.help?faqId=5077)\n    *   [신규 회원가입](https://help.sell.smartstore.naver.com/faq/list.help?categoryId=535)\n    *   [초대로 회원가입](https://help.sell.smartstore.naver.com/faq/list.help?categoryId=536)\n    *   [아이디/비밀번호 찾기](https://help.sell.smartstore.naver.com/faq/list.help?categoryId=537)\n    *   [탈퇴/재가입](https://help.sell.smartstore.naver.com/faq/list.help?categoryId=538)\n    *   [네이버 쇼핑 입점](https://help.sell.smartstore.naver.com/faq/list.help?categoryId=539)\n    *   [2단계 인증](https://help.sell.smartstore.naver.com/faq/list.help?categoryId=924)\n\n*   [상품관리](https://help.sell.smartstore.naver.com/faq/content.help?faqId=5077)\n    *   [그룹상품 리뷰이동](https://help.sell.smartstore.naver.com/faq/list.help?categoryId=11086)\n    *   [그룹상품 노출 관리](https://help.sell.smartstore.naver.com/faq/list.help?categoryId=11126)\n    *   [상품 조회/수정](https://help.sell.smartstore.naver.com/faq/list.help?categoryId=540)\n    *   [상품 등록](https://help.sell.smartstore.naver.com/faq/list.help?categoryId=541)\n    *   [상품 일괄등록](https://help.sell.smartstore.naver.com/faq/list.help?categoryId=542)\n    *   [카탈로그 가격관리](https://help.sell.smartstore.naver.com/faq/list.help?categoryId=848)\n    *   [연관상품 관리](https://help.sell.smartstore.naver.com/faq/list.help?categoryId=649)\n    *   [사진 보관함](https://help.sell.smartstore.naver.com/faq/list.help?categoryId=543)\n    *   [배송정보 관리](https://help.sell.smartstore.naver.com/faq/list.help?categoryId=544)\n    *   [템플릿 관리](https://help.sell.smartstore.naver.com/faq/list.help?categoryId=545)\n    *   [공지사항 관리](https://help.sell.smartstore.naver.com/faq/list.help?categoryId=546)\n    *   [상품정보 검색품질(SEO)](https://help.sell.smartstore.naver.com/faq/list.help?categoryId=811)\n    *   [구독 관리](https://help.sell.smartstore.naver.com/faq/list.help?categoryId=1006)\n    *   [상품명 마스터](https://help.sell.smartstore.naver.com/faq/list.help?categoryId=10931)\n    *   [등록 정보 검토](https://help.sell.smartstore.naver.com/faq/list.help?categoryId=11139)\n    *   [검색 순위 진단](https://help.sell.smartstore.naver.com/faq/list.help?categoryId=11140)\n\n*   [쇼핑윈도관리](https://help.sell.smartstore.naver.com/faq/content.help?faqId=5077)\n    *   [쇼핑윈도 상품 조회/수정](https://help.sell.smartstore.naver.com/faq/list.help?categoryId=547)\n    *   [쇼핑윈도 상품 불러오기](https://help.sell.smartstore.naver.com/faq/list.help?categoryId=548)\n    *   [쇼핑윈도 소식 관리](https://help.sell.smartstore.naver.com/faq/list.help?categoryId=549)\n    *   [쇼핑윈도 스토어 관리](https://help.sell.smartstore.naver.com/faq/list.help?categoryId=551)\n\n*   [판매관리](https://help.sell.smartstore.naver.com/faq/content.help?faqId=5077)\n    *   [주문통합검색](https://help.sell.smartstore.naver.com/faq/list.help?categoryId=791)\n    *   [선물 수락대기](https://help.sell.smartstore.naver.com/faq/list.help?categoryId=558)\n    *   [미결제확인](https://help.sell.smartstore.naver.com/faq/list.help?categoryId=559)\n    *   [발주(주문)확인/발송관리](https://help.sell.smartstore.naver.com/faq/list.help?categoryId=560)\n    *   [배송현황 관리](https://help.sell.smartstore.naver.com/faq/list.help?categoryId=561)\n    *   [구매확정 내역](https://help.sell.smartstore.naver.com/faq/list.help?categoryId=562)\n    *   [취소 관리](https://help.sell.smartstore.naver.com/faq/list.help?categoryId=563)\n    *   [반품 관리](https://help.sell.smartstore.naver.com/faq/list.help?categoryId=564)\n    *   [교환 관리](https://help.sell.smartstore.naver.com/faq/list.help?categoryId=565)\n    *   [판매방해 고객관리](https://help.sell.smartstore.naver.com/faq/list.help?categoryId=837)\n    *   [반품안심케어](https://help.sell.smartstore.naver.com/faq/list.help?categoryId=10776)\n\n*   [정산관리](https://help.sell.smartstore.naver.com/faq/content.help?faqId=5077)\n    *   [정산 내역 (일별/건별)](https://help.sell.smartstore.naver.com/faq/list.help?categoryId=566)\n    *   [항목별 정산 내역](https://help.sell.smartstore.naver.com/faq/list.help?categoryId=567)\n    *   [빠른정산](https://help.sell.smartstore.naver.com/faq/list.help?categoryId=932)\n    *   [부가세신고 내역](https://help.sell.smartstore.naver.com/faq/list.help?categoryId=568)\n    *   [세금계산서 조회](https://help.sell.smartstore.naver.com/faq/list.help?categoryId=569)\n    *   [비즈월렛 관리](https://help.sell.smartstore.naver.com/faq/list.help?categoryId=570)\n    *   [통합 정산내역](https://help.sell.smartstore.naver.com/faq/list.help?categoryId=571)\n    *   [중소상공인수수료전반](https://help.sell.smartstore.naver.com/faq/list.help?categoryId=840)\n    *   [초보판매자 정산가이드](https://help.sell.smartstore.naver.com/faq/list.help?categoryId=10809)\n    *   [우대수수료 환급내역](https://help.sell.smartstore.naver.com/faq/list.help?categoryId=10867)\n    *   [매출연동수수료](https://help.sell.smartstore.naver.com/faq/list.help?categoryId=11033)\n\n*   [문의/리뷰관리](https://help.sell.smartstore.naver.com/faq/content.help?faqId=5077)\n    *   [문의 관리](https://help.sell.smartstore.naver.com/faq/list.help?categoryId=574)\n    *   [고객문의 관리](https://help.sell.smartstore.naver.com/faq/list.help?categoryId=575)\n    *   [리뷰 관리](https://help.sell.smartstore.naver.com/faq/list.help?categoryId=576)\n    *   [리뷰이벤트 관리](https://help.sell.smartstore.naver.com/faq/list.help?categoryId=857)\n    *   [상품상세 블로그글 노출](https://help.sell.smartstore.naver.com/faq/list.help?categoryId=10953)\n    *   [톡톡 상담하기](https://help.sell.smartstore.naver.com/faq/list.help?categoryId=10763)\n    *   [톡톡 쇼핑챗봇/AI FAQ 설정](https://help.sell.smartstore.naver.com/faq/list.help?categoryId=10764)\n\n*   [스토어관리](https://help.sell.smartstore.naver.com/faq/content.help?faqId=5077)\n    *   [스마트스토어](https://help.sell.smartstore.naver.com/faq/list.help?categoryId=577)\n    *   [카테고리 관리](https://help.sell.smartstore.naver.com/faq/list.help?categoryId=579)\n    *   [쇼핑스토리 관리](https://help.sell.smartstore.naver.com/faq/list.help?categoryId=652)\n    *   [쇼핑라이브 숏클립 등록](https://help.sell.smartstore.naver.com/faq/list.help?categoryId=10731)\n    *   [기본정보 관리](https://help.sell.smartstore.naver.com/faq/list.help?categoryId=580)\n    *   [API 관리](https://help.sell.smartstore.naver.com/faq/list.help?categoryId=10954)\n    *   [SNS 설정](https://help.sell.smartstore.naver.com/faq/list.help?categoryId=10965)\n    *   [쇼핑윈도 노출 신청](https://help.sell.smartstore.naver.com/faq/list.help?categoryId=844)\n    *   [네이버 서비스 연결](https://help.sell.smartstore.naver.com/faq/list.help?categoryId=847)\n    *   [가격비교 서비스 연결](https://help.sell.smartstore.naver.com/faq/list.help?categoryId=10967)\n\n*   [혜택/마케팅](https://help.sell.smartstore.naver.com/faq/content.help?faqId=5077)\n    *   [혜택 등록](https://help.sell.smartstore.naver.com/faq/list.help?categoryId=608)\n    *   [혜택 조회/수정](https://help.sell.smartstore.naver.com/faq/list.help?categoryId=663)\n    *   [혜택 리포트](https://help.sell.smartstore.naver.com/faq/list.help?categoryId=609)\n    *   [포인트 지급관리](https://help.sell.smartstore.naver.com/faq/list.help?categoryId=10864)\n    *   [포인트 지급내역 조회](https://help.sell.smartstore.naver.com/faq/list.help?categoryId=799)\n    *   [고객등급 관리](https://help.sell.smartstore.naver.com/faq/list.help?categoryId=819)\n    *   [마케팅 보내기](https://help.sell.smartstore.naver.com/faq/list.help?categoryId=918)\n    *   [마케팅 이력](https://help.sell.smartstore.naver.com/faq/list.help?categoryId=919)\n    *   [마케팅 통계](https://help.sell.smartstore.naver.com/faq/list.help?categoryId=10728)\n    *   [AI 마케팅 효과분석](https://help.sell.smartstore.naver.com/faq/list.help?categoryId=10907)\n    *   [마케팅 링크 관리](https://help.sell.smartstore.naver.com/faq/list.help?categoryId=11058)\n\n*   [브랜드 혜택/마케팅](https://help.sell.smartstore.naver.com/faq/content.help?faqId=5077)\n    *   [고객군 마케팅](https://help.sell.smartstore.naver.com/faq/list.help?categoryId=10928)\n    *   [타겟팅 성과분석](https://help.sell.smartstore.naver.com/faq/list.help?categoryId=10929)\n    *   [라운지 노출 관리](https://help.sell.smartstore.naver.com/faq/list.help?categoryId=10877)\n    *   [라운지 가입 관리](https://help.sell.smartstore.naver.com/faq/list.help?categoryId=10878)\n    *   [추가 수집 항목 관리](https://help.sell.smartstore.naver.com/faq/list.help?categoryId=10879)\n    *   [라운지 멤버 관리](https://help.sell.smartstore.naver.com/faq/list.help?categoryId=10880)\n    *   [라운지 스토리 관리](https://help.sell.smartstore.naver.com/faq/list.help?categoryId=10881)\n    *   [라운지 통계](https://help.sell.smartstore.naver.com/faq/list.help?categoryId=10993)\n\n*   [커머스솔루션](https://help.sell.smartstore.naver.com/faq/content.help?faqId=5077)\n    *   [솔루션 목록](https://help.sell.smartstore.naver.com/faq/list.help?categoryId=10768)\n    *   [소비자조사](https://help.sell.smartstore.naver.com/faq/list.help?categoryId=10900)\n    *   [Quick 모니터링 관리](https://help.sell.smartstore.naver.com/faq/list.help?categoryId=10902)\n    *   [쇼핑 커넥트](https://help.sell.smartstore.naver.com/faq/list.help?categoryId=11057)\n\n*   [데이터 분석](https://help.sell.smartstore.naver.com/faq/content.help?faqId=5077)\n    *   [프로모션 진단](https://help.sell.smartstore.naver.com/faq/list.help?categoryId=11127)\n    *   [스토어분석](https://help.sell.smartstore.naver.com/faq/list.help?categoryId=11083)\n    *   [요약](https://help.sell.smartstore.naver.com/faq/list.help?categoryId=806)\n    *   [판매분석](https://help.sell.smartstore.naver.com/faq/list.help?categoryId=807)\n    *   [마케팅분석](https://help.sell.smartstore.naver.com/faq/list.help?categoryId=808)\n    *   [쇼핑행동분석](https://help.sell.smartstore.naver.com/faq/list.help?categoryId=809)\n    *   [시장벤치마크](https://help.sell.smartstore.naver.com/faq/list.help?categoryId=810)\n    *   [판매성과예측](https://help.sell.smartstore.naver.com/faq/list.help?categoryId=871)\n    *   [고객현황](https://help.sell.smartstore.naver.com/faq/list.help?categoryId=627)\n    *   [재구매 통계](https://help.sell.smartstore.naver.com/faq/list.help?categoryId=800)\n\n*   [광고관리](https://help.sell.smartstore.naver.com/faq/content.help?faqId=5077)\n    *   [쇼핑버티컬광고](https://help.sell.smartstore.naver.com/faq/list.help?categoryId=10946)\n    *   [CRM 마케팅 타겟 광고](https://help.sell.smartstore.naver.com/faq/list.help?categoryId=11024)\n\n*   [프로모션 관리](https://help.sell.smartstore.naver.com/faq/content.help?faqId=5077)\n    *   [기획전 관리](https://help.sell.smartstore.naver.com/faq/list.help?categoryId=845)\n    *   [참여형 프로모션 관리](https://help.sell.smartstore.naver.com/faq/list.help?categoryId=11061)\n    *   [미스터](https://help.sell.smartstore.naver.com/faq/list.help?categoryId=927)\n\n*   [N배송 관리](https://help.sell.smartstore.naver.com/faq/content.help?faqId=5077)\n    *   [N배송 프로그램](https://help.sell.smartstore.naver.com/faq/list.help?categoryId=10834)\n    *   [N배송 신청하기](https://help.sell.smartstore.naver.com/faq/list.help?categoryId=1005)\n    *   [N배송 재고관리](https://help.sell.smartstore.naver.com/faq/list.help?categoryId=11054)\n    *   [N배송 입고관리](https://help.sell.smartstore.naver.com/faq/list.help?categoryId=11116)\n    *   [N배송 리포트관리](https://help.sell.smartstore.naver.com/faq/list.help?categoryId=11102)\n    *   [물류비 청구내역](https://help.sell.smartstore.naver.com/faq/list.help?categoryId=11103)\n    *   [풀필먼트 주문 조회](https://help.sell.smartstore.naver.com/faq/list.help?categoryId=10942)\n    *   [N판매자배송 신청](https://help.sell.smartstore.naver.com/faq/list.help?categoryId=10986)\n    *   [N판매자배송 운영](https://help.sell.smartstore.naver.com/faq/list.help?categoryId=10985)\n    *   [판매자 창고 운영](https://help.sell.smartstore.naver.com/faq/list.help?categoryId=10944)\n\n*   [판매자 정보](https://help.sell.smartstore.naver.com/faq/content.help?faqId=5077)\n    *   [내정보](https://help.sell.smartstore.naver.com/faq/list.help?categoryId=581)\n    *   [판매자 정보](https://help.sell.smartstore.naver.com/faq/list.help?categoryId=582)\n    *   [매니저 관리](https://help.sell.smartstore.naver.com/faq/list.help?categoryId=10727)\n    *   [판매자 등급](https://help.sell.smartstore.naver.com/faq/list.help?categoryId=611)\n    *   [정보 변경 신청](https://help.sell.smartstore.naver.com/faq/list.help?categoryId=583)\n    *   [양도양수](https://help.sell.smartstore.naver.com/faq/list.help?categoryId=922)\n    *   [사업자 전환](https://help.sell.smartstore.naver.com/faq/list.help?categoryId=584)\n    *   [상품판매권한 신청](https://help.sell.smartstore.naver.com/faq/list.help?categoryId=855)\n    *   [고객확인제도](https://help.sell.smartstore.naver.com/faq/list.help?categoryId=923)\n    *   [심사내역 조회](https://help.sell.smartstore.naver.com/faq/list.help?categoryId=10726)\n    *   [판매자 지원 프로그램](https://help.sell.smartstore.naver.com/faq/list.help?categoryId=10711)\n    *   [성장 마일리지](https://help.sell.smartstore.naver.com/faq/list.help?categoryId=11091)\n    *   [굿서비스 점수](https://help.sell.smartstore.naver.com/faq/list.help?categoryId=11125)\n\n*   [공지사항](https://help.sell.smartstore.naver.com/faq/content.help?faqId=5077)\n    *   [공지사항](https://help.sell.smartstore.naver.com/faq/list.help?categoryId=10730)\n\n*   [공통/기타](https://help.sell.smartstore.naver.com/faq/content.help?faqId=5077)\n    *   [판매자센터 기본 이용방법](https://help.sell.smartstore.naver.com/faq/list.help?categoryId=586)\n    *   [스마트스토어센터 알림](https://help.sell.smartstore.naver.com/faq/list.help?categoryId=868)\n    *   [쇼핑라이브](https://help.sell.smartstore.naver.com/faq/list.help?categoryId=883)\n    *   [사장님 보험](https://help.sell.smartstore.naver.com/faq/list.help?categoryId=933)\n    *   [스마트스토어 사업자 대출](https://help.sell.smartstore.naver.com/faq/list.help?categoryId=934)\n    *   [사업자대출 대출안심케어](https://help.sell.smartstore.naver.com/faq/list.help?categoryId=989)\n    *   [정책지원금](https://help.sell.smartstore.naver.com/faq/list.help?categoryId=10769)\n    *   [스마트플레이스 사업자 대출](https://help.sell.smartstore.naver.com/faq/list.help?categoryId=10782)\n    *   [커머스API센터](https://help.sell.smartstore.naver.com/faq/list.help?categoryId=10783)\n    *   [네이버페이 마이비즈](https://help.sell.smartstore.naver.com/faq/list.help?categoryId=10787)\n    *   [스마트스토어 보증서 대출](https://help.sell.smartstore.naver.com/faq/list.help?categoryId=10909)\n    *   [API데이터솔루션(통계)](https://help.sell.smartstore.naver.com/faq/list.help?categoryId=10943)\n    *   [안전거래 정책](https://help.sell.smartstore.naver.com/faq/list.help?categoryId=10979)\n\n*   [1:1 문의하기](https://help.sell.smartstore.naver.com/mail/form.help)\n*   [1:1 문의내역](https://help.sell.smartstore.naver.com/mail/history.help)\n*   [신고하기](https://help.sell.smartstore.naver.com/mail/form.help?alias=shopn_accuse)\n*   [원격지원서비스](http://61.247.209.91/users/main/join.html)\n\n[스마트스토어센터 _사용자 매뉴얼_](https://sell.smartstore.naver.com/#/center-notice/list/MANUAL)\n\n[좌측 내비게이션 숨기기](https://help.sell.smartstore.naver.com/faq/content.help?faqId=5077#)\n\n고객센터\n----\n\n**FAQ**\n\n[전체](https://help.sell.smartstore.naver.com/faq/content.help?faqId=5077)\n*   [전체](https://help.sell.smartstore.naver.com/faq/content.help?faqId=5077)\n*   [홈](https://help.sell.smartstore.naver.com/faq/content.help?faqId=5077)\n*   [회원가입](https://help.sell.smartstore.naver.com/faq/content.help?faqId=5077)\n*   [상품관리](https://help.sell.smartstore.naver.com/faq/content.help?faqId=5077)\n*   [쇼핑윈도관리](https://help.sell.smartstore.naver.com/faq/content.help?faqId=5077)\n*   [판매관리](https://help.sell.smartstore.naver.com/faq/content.help?faqId=5077)\n*   [정산관리](https://help.sell.smartstore.naver.com/faq/content.help?faqId=5077)\n*   [문의/리뷰관리](https://help.sell.smartstore.naver.com/faq/content.help?faqId=5077)\n*   [스토어관리](https://help.sell.smartstore.naver.com/faq/content.help?faqId=5077)\n*   [혜택/마케팅](https://help.sell.smartstore.naver.com/faq/content.help?faqId=5077)\n*   [브랜드 혜택/마케팅](https://help.sell.smartstore.naver.com/faq/content.help?faqId=5077)\n*   [커머스솔루션](https://help.sell.smartstore.naver.com/faq/content.help?faqId=5077)\n*   [데이터 분석](https://help.sell.smartstore.naver.com/faq/content.help?faqId=5077)\n*   [광고관리](https://help.sell.smartstore.naver.com/faq/content.help?faqId=5077)\n*   [프로모션 관리](https://help.sell.smartstore.naver.com/faq/content.help?faqId=5077)\n*   [N배송 관리](https://help.sell.smartstore.naver.com/faq/content.help?faqId=5077)\n*   [판매자 정보](https://help.sell.smartstore.naver.com/faq/content.help?faqId=5077)\n*   [공지사항](https://help.sell.smartstore.naver.com/faq/content.help?faqId=5077)\n*   [공통/기타](https://help.sell.smartstore.naver.com/faq/content.help?faqId=5077)\n\n검색어 입력 0/100\n\n[검색](https://help.sell.smartstore.naver.com/faq/content.help?faqId=5077#)\n\n자동완성 켜기 자동완성 끄기 닫기\n\n*   [자주 묻는 질문](https://help.sell.smartstore.naver.com/faq/content.help?faqId=5077#)\n*   [★ 메뉴 활용 방법](https://help.sell.smartstore.naver.com/faq/content.help?faqId=5077#)\n*   [2단계 인증](https://help.sell.smartstore.naver.com/faq/content.help?faqId=5077#)\n*   [가입 절차](https://help.sell.smartstore.naver.com/faq/content.help?faqId=5077#)\n*   [고객확인제도](https://help.sell.smartstore.naver.com/faq/content.help?faqId=5077#)\n*   [수수료의 종류](https://help.sell.smartstore.naver.com/faq/content.help?faqId=5077#)\n*   [상품등록](https://help.sell.smartstore.naver.com/faq/content.help?faqId=5077#)\n*   [발송처리](https://help.sell.smartstore.naver.com/faq/content.help?faqId=5077#)\n*   [자동 구매확정](https://help.sell.smartstore.naver.com/faq/content.help?faqId=5077#)\n*   [부가세신고](https://help.sell.smartstore.naver.com/faq/content.help?faqId=5077#)\n\n### 카탈로그 가격관리\n\n*   [★ 카탈로그 가격관리 메뉴 활용방법](https://help.sell.smartstore.naver.com/faq/content.help?faqId=5077)네이버 쇼핑 카탈로그에 상품 정보를 활용하여 내 판매 상품의 가격 관리를 용이하게 해주는 메뉴입니다.\n\n내 판매 상품이 포함된 카탈로그에 최저 가격을 쉽게 확인할 수 있으며, 가격경쟁력과 인기 상품 위주로 관리할 수 있도록 도움드립니다. \n\n또한 최저가 알림 수신 기능도 함께 제공되고 있으니, 주력 상품의 가격 변동을 실시간으로 받아보세요.\n\n**[카탈로그 가격관리 주요 기능]**\n\n1. 판매자 상품과 카탈로그 내 최저가격, 판매자 상품의 가격 순위, 최저가 대비 가격경쟁력 등 정보 제공\n\n2. 카탈로그에 최저가 변동이 있을 때 알림 수신 가능\n\n3. 화면 내에서 판매가, 할인가 수정 가능\n\n자세한 내용은 아래 '카탈로그 가격관리 매뉴얼 살펴보기'를 확인해 주세요.\n\n[**카탈로그 가격관리 매뉴얼 살펴보기**](https://sell.smartstore.naver.com/#/center-notice/detail/100004077)**》**\n\n위 도움말이 도움이 되었나요?\n\n- [x] 별점1점 - [x] 별점2점 - [x] 별점3점 - [x] 별점4점 - [x] 별점5점   도움말에 대한 소중한 의견은 서비스 개선에 큰 도움이 됩니다. 만약, 궁금하신 내용이 있다면 고객센터로 문의주시면 친절히 안내해 드리겠습니다.보내기  [도움말 닫기](https://help.sell.smartstore.naver.com/faq/content.help?faqId=5077)  \n*   [카탈로그는 어떤 건가요?](https://help.sell.smartstore.naver.com/faq/content.help?faqId=5077)\n*   [카탈로그 가격관리에 조회되는 상품수가 너무 적게 노출 되는데 왜그런가요?](https://help.sell.smartstore.naver.com/faq/content.help?faqId=5077)\n*   [화면에 나오는 최저가와 현재 카탈로그 가격이 다른데 왜 그런가요?](https://help.sell.smartstore.naver.com/faq/content.help?faqId=5077)\n*   [카탈로그 가격관리를 통해 가격을 변경하면 카탈로그에 바로 반영되나요?](https://help.sell.smartstore.naver.com/faq/content.help?faqId=5077)\n*   [전혀 다른 상품에 카탈로그와 묶여 있는데. 어떻게 해야 하나요?](https://help.sell.smartstore.naver.com/faq/content.help?faqId=5077)\n*   [상품조회 결과에 수동 카탈로그만 있는데 왜그런가요?](https://help.sell.smartstore.naver.com/faq/content.help?faqId=5077)\n*   [전체 상품건수가 상품 조회/수정 화면과 다른데 왜그런가요?](https://help.sell.smartstore.naver.com/faq/content.help?faqId=5077)\n*   [인기 카탈로그 상품은 무엇인가요?](https://help.sell.smartstore.naver.com/faq/content.help?faqId=5077)\n*   [3일간 판매 베스트 상품은 무엇인가요?](https://help.sell.smartstore.naver.com/faq/content.help?faqId=5077)\n*   [카탈로그 순위는 뭔가요?](https://help.sell.smartstore.naver.com/faq/content.help?faqId=5077)\n*   [가격경쟁력은 뭔가요?](https://help.sell.smartstore.naver.com/faq/content.help?faqId=5077)\n*   [가격변동 알림은 어떻게 설정하나요?](https://help.sell.smartstore.naver.com/faq/content.help?faqId=5077)\n*   [가격변동이 발생할때마다 알림을 받을 수 있나요?](https://help.sell.smartstore.naver.com/faq/content.help?faqId=5077)\n\n*   [이용약관](https://sell.smartstore.naver.com/#/terms/agreement \"새창\")\n*   [전자금융거래 이용약관](https://new-m.pay.naver.com/member/terms-policy/finance \"새창\")\n*   [**개인정보 처리방침**](http://mktg.naver.com/privacy/privacy.html \"새창\")\n*   [청소년 보호정책](http://www.naver.com/policy/youthpolicy.html \"새창\")\n*   [책임의 한계와 법적고지](http://smartstore.naver.com/main/rules/responsibility \"팝업\")\n*   [안전거래가이드](http://ips.smartstore.naver.com/main/rules/safety \"새창\")\n*   [고객센터](https://help.sell.smartstore.naver.com/)\n\n네이버㈜는 결제정보의 중개서비스 또는 통신판매중개시스템의 제공자로서, 통신판매의 당사자가 아니며, 상품의 주문, 배송 및 환불 등과 관련한 의무와 책임은 각 판매자에게 있습니다.\n\n또한 판매자와 구매자간의 직거래에 대하여 당사는 관여하지 않기 때문에 거래에 대해서는 책임을 지지 않습니다.\n\n*   사업자등록번호 : 220-81-62517\n*   통신판매업신고번호 : 제2006-경기성남-0692호\n*   대표이사 : 최수연\n*   [사업자정보확인](https://www.ftc.go.kr/bizCommPop.do?wrkr_no=2208162517 \"새창\")\n*   주소 : 경기도 성남시 분당구 정자일로 95, NAVER 1784 (13561)\n*   전화 : 1588-3819\n*   이메일 : [helpcustomer@naver.com](mailto:helpcustomer@naver.com)\n*   [1:1문의](https://help.sell.smartstore.naver.com/mail/form.help)\n\n[NAVER](http://www.navercorp.com/ko/index.nhn \"새창\")\n\nCopyright © [**NAVER Corp.**](http://www.navercorp.com/ko/index.nhn \"새창\") All rights reserved."
      },
      {
        "platform": "naver",
        "title": "고객센터 - 스마트스토어",
        "url": "https://help.sell.smartstore.naver.com/faq/list.help?categoryId=577",
        "snippet": "스마트스토어 고객센터\n\nNAVER스마트스토어센터\n\n로그인\n\n궁금할 땐 톡톡상담하세요!\n\n톡톡상담\n\n   홈\n       홈\n\n   회원가입\n       신규 회원가입\n       초대로 회원가입\n       아이디/비밀번호 찾기\n       탈퇴/재가입\n       네이버 쇼핑 입점\n       2단계 인증\n\n   상품관리\n       그룹상품 리뷰이동\n       그룹상품 노출 관리\n       상품 조회/수정\n       상품 등록\n       상품 일괄등록\n       카탈로그 가격관리\n       연관상품 관리\n       사진 보관함\n       배송정보 관리\n       템플릿 관리\n       공지사항 관리\n       상품정보 검색품질(SEO)\n       구독 관리\n       상품명 마스터\n       등록 정보 검토\n       검색 순위 진단 [...] 문의/리뷰관리\n       문의 관리\n       고객문의 관리\n       리뷰 관리\n       리뷰이벤트 관리\n       상품상세 블로그글 노출\n       톡톡 상담하기\n       톡톡 쇼핑챗봇/AI FAQ 설정\n\n   스토어관리\n       스마트스토어\n       카테고리 관리\n       쇼핑스토리 관리\n       쇼핑라이브 숏클립 등록\n       기본정보 관리\n       API 관리\n       SNS 설정\n       쇼핑윈도 노출 신청\n       네이버 서비스 연결\n       가격비교 서비스 연결\n\n   혜택/마케팅\n       혜택 등록\n       혜택 조회/수정\n       혜택 리포트\n       포인트 지급관리\n       포인트 지급내역 조회\n       고객등급 관리\n       마케팅 보내기\n       마케팅 이력\n       마케팅 통계\n       AI 마케팅 효과분석\n       마케팅 링크 관리 [...] 이용약관\n   전자금융거래 이용약관\n   개인정보 처리방침\n   청소년 보호정책\n   책임의 한계와 법적고지\n   안전거래가이드\n   고객센터\n\n네이버㈜는 결제정보의 중개서비스 또는 통신판매중개시스템의 제공자로서, 통신판매의 당사자가 아니며, 상품의 주문, 배송 및 환불 등과 관련한 의무와 책임은 각 판매자에게 있습니다.\n\n또한 판매자와 구매자간의 직거래에 대하여 당사는 관여하지 않기 때문에 거래에 대해서는 책임을 지지 않습니다.\n\n   사업자등록번호 : 220-81-62517\n   통신판매업신고번호 : 제2006-경기성남-0692호\n   대표이사 : 최수연\n   사업자정보확인\n   주소 : 경기도 성남시 분당구 정자일로 95, NAVER 1784 (13561)\n   전화 : 1588-3819\n   이메일 : helpcustomer@naver.com\n   1:1문의\n\nNAVER\n\nCopyright © NAVER Corp. All rights reserved.",
        "score": 0.04891691,
        "timestamp": "2025-11-29T02:23:20.952663",
        "raw_content": "스마트스토어 고객센터\n\n===============\n\n[NAVER](http://www.naver.com/ \"NAVER\")[스마트스토어센터](https://sell.smartstore.naver.com/ \"스마트스토어센터\")\n===============================================================================================\n\n[로그인](https://help.sell.smartstore.naver.com/faq/list.help?categoryId=577#)\n\n궁금할 땐 톡톡상담하세요!\n\n[톡톡상담](https://help.sell.smartstore.naver.com/faq/list.help?categoryId=577#)\n\n*   [홈](https://help.sell.smartstore.naver.com/faq/list.help?categoryId=577)\n    *   [홈](https://help.sell.smartstore.naver.com/faq/list.help?categoryId=11082)\n\n*   [회원가입](https://help.sell.smartstore.naver.com/faq/list.help?categoryId=577)\n    *   [신규 회원가입](https://help.sell.smartstore.naver.com/faq/list.help?categoryId=535)\n    *   [초대로 회원가입](https://help.sell.smartstore.naver.com/faq/list.help?categoryId=536)\n    *   [아이디/비밀번호 찾기](https://help.sell.smartstore.naver.com/faq/list.help?categoryId=537)\n    *   [탈퇴/재가입](https://help.sell.smartstore.naver.com/faq/list.help?categoryId=538)\n    *   [네이버 쇼핑 입점](https://help.sell.smartstore.naver.com/faq/list.help?categoryId=539)\n    *   [2단계 인증](https://help.sell.smartstore.naver.com/faq/list.help?categoryId=924)\n\n*   [상품관리](https://help.sell.smartstore.naver.com/faq/list.help?categoryId=577)\n    *   [그룹상품 리뷰이동](https://help.sell.smartstore.naver.com/faq/list.help?categoryId=11086)\n    *   [그룹상품 노출 관리](https://help.sell.smartstore.naver.com/faq/list.help?categoryId=11126)\n    *   [상품 조회/수정](https://help.sell.smartstore.naver.com/faq/list.help?categoryId=540)\n    *   [상품 등록](https://help.sell.smartstore.naver.com/faq/list.help?categoryId=541)\n    *   [상품 일괄등록](https://help.sell.smartstore.naver.com/faq/list.help?categoryId=542)\n    *   [카탈로그 가격관리](https://help.sell.smartstore.naver.com/faq/list.help?categoryId=848)\n    *   [연관상품 관리](https://help.sell.smartstore.naver.com/faq/list.help?categoryId=649)\n    *   [사진 보관함](https://help.sell.smartstore.naver.com/faq/list.help?categoryId=543)\n    *   [배송정보 관리](https://help.sell.smartstore.naver.com/faq/list.help?categoryId=544)\n    *   [템플릿 관리](https://help.sell.smartstore.naver.com/faq/list.help?categoryId=545)\n    *   [공지사항 관리](https://help.sell.smartstore.naver.com/faq/list.help?categoryId=546)\n    *   [상품정보 검색품질(SEO)](https://help.sell.smartstore.naver.com/faq/list.help?categoryId=811)\n    *   [구독 관리](https://help.sell.smartstore.naver.com/faq/list.help?categoryId=1006)\n    *   [상품명 마스터](https://help.sell.smartstore.naver.com/faq/list.help?categoryId=10931)\n    *   [등록 정보 검토](https://help.sell.smartstore.naver.com/faq/list.help?categoryId=11139)\n    *   [검색 순위 진단](https://help.sell.smartstore.naver.com/faq/list.help?categoryId=11140)\n\n*   [쇼핑윈도관리](https://help.sell.smartstore.naver.com/faq/list.help?categoryId=577)\n    *   [쇼핑윈도 상품 조회/수정](https://help.sell.smartstore.naver.com/faq/list.help?categoryId=547)\n    *   [쇼핑윈도 상품 불러오기](https://help.sell.smartstore.naver.com/faq/list.help?categoryId=548)\n    *   [쇼핑윈도 소식 관리](https://help.sell.smartstore.naver.com/faq/list.help?categoryId=549)\n    *   [쇼핑윈도 스토어 관리](https://help.sell.smartstore.naver.com/faq/list.help?categoryId=551)\n\n*   [판매관리](https://help.sell.smartstore.naver.com/faq/list.help?categoryId=577)\n    *   [주문통합검색](https://help.sell.smartstore.naver.com/faq/list.help?categoryId=791)\n    *   [선물 수락대기](https://help.sell.smartstore.naver.com/faq/list.help?categoryId=558)\n    *   [미결제확인](https://help.sell.smartstore.naver.com/faq/list.help?categoryId=559)\n    *   [발주(주문)확인/발송관리](https://help.sell.smartstore.naver.com/faq/list.help?categoryId=560)\n    *   [배송현황 관리](https://help.sell.smartstore.naver.com/faq/list.help?categoryId=561)\n    *   [구매확정 내역](https://help.sell.smartstore.naver.com/faq/list.help?categoryId=562)\n    *   [취소 관리](https://help.sell.smartstore.naver.com/faq/list.help?categoryId=563)\n    *   [반품 관리](https://help.sell.smartstore.naver.com/faq/list.help?categoryId=564)\n    *   [교환 관리](https://help.sell.smartstore.naver.com/faq/list.help?categoryId=565)\n    *   [판매방해 고객관리](https://help.sell.smartstore.naver.com/faq/list.help?categoryId=837)\n    *   [반품안심케어](https://help.sell.smartstore.naver.com/faq/list.help?categoryId=10776)\n\n*   [정산관리](https://help.sell.smartstore.naver.com/faq/list.help?categoryId=577)\n    *   [정산 내역 (일별/건별)](https://help.sell.smartstore.naver.com/faq/list.help?categoryId=566)\n    *   [항목별 정산 내역](https://help.sell.smartstore.naver.com/faq/list.help?categoryId=567)\n    *   [빠른정산](https://help.sell.smartstore.naver.com/faq/list.help?categoryId=932)\n    *   [부가세신고 내역](https://help.sell.smartstore.naver.com/faq/list.help?categoryId=568)\n    *   [세금계산서 조회](https://help.sell.smartstore.naver.com/faq/list.help?categoryId=569)\n    *   [비즈월렛 관리](https://help.sell.smartstore.naver.com/faq/list.help?categoryId=570)\n    *   [통합 정산내역](https://help.sell.smartstore.naver.com/faq/list.help?categoryId=571)\n    *   [중소상공인수수료전반](https://help.sell.smartstore.naver.com/faq/list.help?categoryId=840)\n    *   [초보판매자 정산가이드](https://help.sell.smartstore.naver.com/faq/list.help?categoryId=10809)\n    *   [우대수수료 환급내역](https://help.sell.smartstore.naver.com/faq/list.help?categoryId=10867)\n    *   [매출연동수수료](https://help.sell.smartstore.naver.com/faq/list.help?categoryId=11033)\n\n*   [문의/리뷰관리](https://help.sell.smartstore.naver.com/faq/list.help?categoryId=577)\n    *   [문의 관리](https://help.sell.smartstore.naver.com/faq/list.help?categoryId=574)\n    *   [고객문의 관리](https://help.sell.smartstore.naver.com/faq/list.help?categoryId=575)\n    *   [리뷰 관리](https://help.sell.smartstore.naver.com/faq/list.help?categoryId=576)\n    *   [리뷰이벤트 관리](https://help.sell.smartstore.naver.com/faq/list.help?categoryId=857)\n    *   [상품상세 블로그글 노출](https://help.sell.smartstore.naver.com/faq/list.help?categoryId=10953)\n    *   [톡톡 상담하기](https://help.sell.smartstore.naver.com/faq/list.help?categoryId=10763)\n    *   [톡톡 쇼핑챗봇/AI FAQ 설정](https://help.sell.smartstore.naver.com/faq/list.help?categoryId=10764)\n\n*   [스토어관리](https://help.sell.smartstore.naver.com/faq/list.help?categoryId=577)\n    *   [스마트스토어](https://help.sell.smartstore.naver.com/faq/list.help?categoryId=577)\n    *   [카테고리 관리](https://help.sell.smartstore.naver.com/faq/list.help?categoryId=579)\n    *   [쇼핑스토리 관리](https://help.sell.smartstore.naver.com/faq/list.help?categoryId=652)\n    *   [쇼핑라이브 숏클립 등록](https://help.sell.smartstore.naver.com/faq/list.help?categoryId=10731)\n    *   [기본정보 관리](https://help.sell.smartstore.naver.com/faq/list.help?categoryId=580)\n    *   [API 관리](https://help.sell.smartstore.naver.com/faq/list.help?categoryId=10954)\n    *   [SNS 설정](https://help.sell.smartstore.naver.com/faq/list.help?categoryId=10965)\n    *   [쇼핑윈도 노출 신청](https://help.sell.smartstore.naver.com/faq/list.help?categoryId=844)\n    *   [네이버 서비스 연결](https://help.sell.smartstore.naver.com/faq/list.help?categoryId=847)\n    *   [가격비교 서비스 연결](https://help.sell.smartstore.naver.com/faq/list.help?categoryId=10967)\n\n*   [혜택/마케팅](https://help.sell.smartstore.naver.com/faq/list.help?categoryId=577)\n    *   [혜택 등록](https://help.sell.smartstore.naver.com/faq/list.help?categoryId=608)\n    *   [혜택 조회/수정](https://help.sell.smartstore.naver.com/faq/list.help?categoryId=663)\n    *   [혜택 리포트](https://help.sell.smartstore.naver.com/faq/list.help?categoryId=609)\n    *   [포인트 지급관리](https://help.sell.smartstore.naver.com/faq/list.help?categoryId=10864)\n    *   [포인트 지급내역 조회](https://help.sell.smartstore.naver.com/faq/list.help?categoryId=799)\n    *   [고객등급 관리](https://help.sell.smartstore.naver.com/faq/list.help?categoryId=819)\n    *   [마케팅 보내기](https://help.sell.smartstore.naver.com/faq/list.help?categoryId=918)\n    *   [마케팅 이력](https://help.sell.smartstore.naver.com/faq/list.help?categoryId=919)\n    *   [마케팅 통계](https://help.sell.smartstore.naver.com/faq/list.help?categoryId=10728)\n    *   [AI 마케팅 효과분석](https://help.sell.smartstore.naver.com/faq/list.help?categoryId=10907)\n    *   [마케팅 링크 관리](https://help.sell.smartstore.naver.com/faq/list.help?categoryId=11058)\n\n*   [브랜드 혜택/마케팅](https://help.sell.smartstore.naver.com/faq/list.help?categoryId=577)\n    *   [고객군 마케팅](https://help.sell.smartstore.naver.com/faq/list.help?categoryId=10928)\n    *   [타겟팅 성과분석](https://help.sell.smartstore.naver.com/faq/list.help?categoryId=10929)\n    *   [라운지 노출 관리](https://help.sell.smartstore.naver.com/faq/list.help?categoryId=10877)\n    *   [라운지 가입 관리](https://help.sell.smartstore.naver.com/faq/list.help?categoryId=10878)\n    *   [추가 수집 항목 관리](https://help.sell.smartstore.naver.com/faq/list.help?categoryId=10879)\n    *   [라운지 멤버 관리](https://help.sell.smartstore.naver.com/faq/list.help?categoryId=10880)\n    *   [라운지 스토리 관리](https://help.sell.smartstore.naver.com/faq/list.help?categoryId=10881)\n    *   [라운지 통계](https://help.sell.smartstore.naver.com/faq/list.help?categoryId=10993)\n\n*   [커머스솔루션](https://help.sell.smartstore.naver.com/faq/list.help?categoryId=577)\n    *   [솔루션 목록](https://help.sell.smartstore.naver.com/faq/list.help?categoryId=10768)\n    *   [소비자조사](https://help.sell.smartstore.naver.com/faq/list.help?categoryId=10900)\n    *   [Quick 모니터링 관리](https://help.sell.smartstore.naver.com/faq/list.help?categoryId=10902)\n    *   [쇼핑 커넥트](https://help.sell.smartstore.naver.com/faq/list.help?categoryId=11057)\n\n*   [데이터 분석](https://help.sell.smartstore.naver.com/faq/list.help?categoryId=577)\n    *   [프로모션 진단](https://help.sell.smartstore.naver.com/faq/list.help?categoryId=11127)\n    *   [스토어분석](https://help.sell.smartstore.naver.com/faq/list.help?categoryId=11083)\n    *   [요약](https://help.sell.smartstore.naver.com/faq/list.help?categoryId=806)\n    *   [판매분석](https://help.sell.smartstore.naver.com/faq/list.help?categoryId=807)\n    *   [마케팅분석](https://help.sell.smartstore.naver.com/faq/list.help?categoryId=808)\n    *   [쇼핑행동분석](https://help.sell.smartstore.naver.com/faq/list.help?categoryId=809)\n    *   [시장벤치마크](https://help.sell.smartstore.naver.com/faq/list.help?categoryId=810)\n    *   [판매성과예측](https://help.sell.smartstore.naver.com/faq/list.help?categoryId=871)\n    *   [고객현황](https://help.sell.smartstore.naver.com/faq/list.help?categoryId=627)\n    *   [재구매 통계](https://help.sell.smartstore.naver.com/faq/list.help?categoryId=800)\n\n*   [광고관리](https://help.sell.smartstore.naver.com/faq/list.help?categoryId=577)\n    *   [쇼핑버티컬광고](https://help.sell.smartstore.naver.com/faq/list.help?categoryId=10946)\n    *   [CRM 마케팅 타겟 광고](https://help.sell.smartstore.naver.com/faq/list.help?categoryId=11024)\n\n*   [프로모션 관리](https://help.sell.smartstore.naver.com/faq/list.help?categoryId=577)\n    *   [기획전 관리](https://help.sell.smartstore.naver.com/faq/list.help?categoryId=845)\n    *   [참여형 프로모션 관리](https://help.sell.smartstore.naver.com/faq/list.help?categoryId=11061)\n    *   [미스터](https://help.sell.smartstore.naver.com/faq/list.help?categoryId=927)\n\n*   [N배송 관리](https://help.sell.smartstore.naver.com/faq/list.help?categoryId=577)\n    *   [N배송 프로그램](https://help.sell.smartstore.naver.com/faq/list.help?categoryId=10834)\n    *   [N배송 신청하기](https://help.sell.smartstore.naver.com/faq/list.help?categoryId=1005)\n    *   [N배송 재고관리](https://help.sell.smartstore.naver.com/faq/list.help?categoryId=11054)\n    *   [N배송 입고관리](https://help.sell.smartstore.naver.com/faq/list.help?categoryId=11116)\n    *   [N배송 리포트관리](https://help.sell.smartstore.naver.com/faq/list.help?categoryId=11102)\n    *   [물류비 청구내역](https://help.sell.smartstore.naver.com/faq/list.help?categoryId=11103)\n    *   [풀필먼트 주문 조회](https://help.sell.smartstore.naver.com/faq/list.help?categoryId=10942)\n    *   [N판매자배송 신청](https://help.sell.smartstore.naver.com/faq/list.help?categoryId=10986)\n    *   [N판매자배송 운영](https://help.sell.smartstore.naver.com/faq/list.help?categoryId=10985)\n    *   [판매자 창고 운영](https://help.sell.smartstore.naver.com/faq/list.help?categoryId=10944)\n\n*   [판매자 정보](https://help.sell.smartstore.naver.com/faq/list.help?categoryId=577)\n    *   [내정보](https://help.sell.smartstore.naver.com/faq/list.help?categoryId=581)\n    *   [판매자 정보](https://help.sell.smartstore.naver.com/faq/list.help?categoryId=582)\n    *   [매니저 관리](https://help.sell.smartstore.naver.com/faq/list.help?categoryId=10727)\n    *   [판매자 등급](https://help.sell.smartstore.naver.com/faq/list.help?categoryId=611)\n    *   [정보 변경 신청](https://help.sell.smartstore.naver.com/faq/list.help?categoryId=583)\n    *   [양도양수](https://help.sell.smartstore.naver.com/faq/list.help?categoryId=922)\n    *   [사업자 전환](https://help.sell.smartstore.naver.com/faq/list.help?categoryId=584)\n    *   [상품판매권한 신청](https://help.sell.smartstore.naver.com/faq/list.help?categoryId=855)\n    *   [고객확인제도](https://help.sell.smartstore.naver.com/faq/list.help?categoryId=923)\n    *   [심사내역 조회](https://help.sell.smartstore.naver.com/faq/list.help?categoryId=10726)\n    *   [판매자 지원 프로그램](https://help.sell.smartstore.naver.com/faq/list.help?categoryId=10711)\n    *   [성장 마일리지](https://help.sell.smartstore.naver.com/faq/list.help?categoryId=11091)\n    *   [굿서비스 점수](https://help.sell.smartstore.naver.com/faq/list.help?categoryId=11125)\n\n*   [공지사항](https://help.sell.smartstore.naver.com/faq/list.help?categoryId=577)\n    *   [공지사항](https://help.sell.smartstore.naver.com/faq/list.help?categoryId=10730)\n\n*   [공통/기타](https://help.sell.smartstore.naver.com/faq/list.help?categoryId=577)\n    *   [판매자센터 기본 이용방법](https://help.sell.smartstore.naver.com/faq/list.help?categoryId=586)\n    *   [스마트스토어센터 알림](https://help.sell.smartstore.naver.com/faq/list.help?categoryId=868)\n    *   [쇼핑라이브](https://help.sell.smartstore.naver.com/faq/list.help?categoryId=883)\n    *   [사장님 보험](https://help.sell.smartstore.naver.com/faq/list.help?categoryId=933)\n    *   [스마트스토어 사업자 대출](https://help.sell.smartstore.naver.com/faq/list.help?categoryId=934)\n    *   [사업자대출 대출안심케어](https://help.sell.smartstore.naver.com/faq/list.help?categoryId=989)\n    *   [정책지원금](https://help.sell.smartstore.naver.com/faq/list.help?categoryId=10769)\n    *   [스마트플레이스 사업자 대출](https://help.sell.smartstore.naver.com/faq/list.help?categoryId=10782)\n    *   [커머스API센터](https://help.sell.smartstore.naver.com/faq/list.help?categoryId=10783)\n    *   [네이버페이 마이비즈](https://help.sell.smartstore.naver.com/faq/list.help?categoryId=10787)\n    *   [스마트스토어 보증서 대출](https://help.sell.smartstore.naver.com/faq/list.help?categoryId=10909)\n    *   [API데이터솔루션(통계)](https://help.sell.smartstore.naver.com/faq/list.help?categoryId=10943)\n    *   [안전거래 정책](https://help.sell.smartstore.naver.com/faq/list.help?categoryId=10979)\n\n*   [1:1 문의하기](https://help.sell.smartstore.naver.com/mail/form.help)\n*   [1:1 문의내역](https://help.sell.smartstore.naver.com/mail/history.help)\n*   [신고하기](https://help.sell.smartstore.naver.com/mail/form.help?alias=shopn_accuse)\n*   [원격지원서비스](http://61.247.209.91/users/main/join.html)\n\n[스마트스토어센터 _사용자 매뉴얼_](https://sell.smartstore.naver.com/#/center-notice/list/MANUAL)\n\n[좌측 내비게이션 숨기기](https://help.sell.smartstore.naver.com/faq/list.help?categoryId=577#)\n\n고객센터\n----\n\n**FAQ**\n\n[전체](https://help.sell.smartstore.naver.com/faq/list.help?categoryId=577)\n*   [전체](https://help.sell.smartstore.naver.com/faq/list.help?categoryId=577)\n*   [홈](https://help.sell.smartstore.naver.com/faq/list.help?categoryId=577)\n*   [회원가입](https://help.sell.smartstore.naver.com/faq/list.help?categoryId=577)\n*   [상품관리](https://help.sell.smartstore.naver.com/faq/list.help?categoryId=577)\n*   [쇼핑윈도관리](https://help.sell.smartstore.naver.com/faq/list.help?categoryId=577)\n*   [판매관리](https://help.sell.smartstore.naver.com/faq/list.help?categoryId=577)\n*   [정산관리](https://help.sell.smartstore.naver.com/faq/list.help?categoryId=577)\n*   [문의/리뷰관리](https://help.sell.smartstore.naver.com/faq/list.help?categoryId=577)\n*   [스토어관리](https://help.sell.smartstore.naver.com/faq/list.help?categoryId=577)\n*   [혜택/마케팅](https://help.sell.smartstore.naver.com/faq/list.help?categoryId=577)\n*   [브랜드 혜택/마케팅](https://help.sell.smartstore.naver.com/faq/list.help?categoryId=577)\n*   [커머스솔루션](https://help.sell.smartstore.naver.com/faq/list.help?categoryId=577)\n*   [데이터 분석](https://help.sell.smartstore.naver.com/faq/list.help?categoryId=577)\n*   [광고관리](https://help.sell.smartstore.naver.com/faq/list.help?categoryId=577)\n*   [프로모션 관리](https://help.sell.smartstore.naver.com/faq/list.help?categoryId=577)\n*   [N배송 관리](https://help.sell.smartstore.naver.com/faq/list.help?categoryId=577)\n*   [판매자 정보](https://help.sell.smartstore.naver.com/faq/list.help?categoryId=577)\n*   [공지사항](https://help.sell.smartstore.naver.com/faq/list.help?categoryId=577)\n*   [공통/기타](https://help.sell.smartstore.naver.com/faq/list.help?categoryId=577)\n\n검색어 입력 0/100\n\n[검색](https://help.sell.smartstore.naver.com/faq/list.help?categoryId=577#)\n\n자동완성 켜기 자동완성 끄기 닫기\n\n*   [자주 묻는 질문](https://help.sell.smartstore.naver.com/faq/list.help?categoryId=577#)\n*   [★ 메뉴 활용 방법](https://help.sell.smartstore.naver.com/faq/list.help?categoryId=577#)\n*   [2단계 인증](https://help.sell.smartstore.naver.com/faq/list.help?categoryId=577#)\n*   [가입 절차](https://help.sell.smartstore.naver.com/faq/list.help?categoryId=577#)\n*   [고객확인제도](https://help.sell.smartstore.naver.com/faq/list.help?categoryId=577#)\n*   [수수료의 종류](https://help.sell.smartstore.naver.com/faq/list.help?categoryId=577#)\n*   [상품등록](https://help.sell.smartstore.naver.com/faq/list.help?categoryId=577#)\n*   [발송처리](https://help.sell.smartstore.naver.com/faq/list.help?categoryId=577#)\n*   [자동 구매확정](https://help.sell.smartstore.naver.com/faq/list.help?categoryId=577#)\n*   [부가세신고](https://help.sell.smartstore.naver.com/faq/list.help?categoryId=577#)\n\n### 스마트스토어\n\n*   [★ 스토어 관리 '스마트스토어' 활용 방법](https://help.sell.smartstore.naver.com/faq/list.help?categoryId=577)\n*   [★ 스토어 관리 '스마트스토어' 관련 자주 묻는 질문](https://help.sell.smartstore.naver.com/faq/list.help?categoryId=577)\n*   [스토어 배경 색상은 어떻게 변경 하나요?](https://help.sell.smartstore.naver.com/faq/list.help?categoryId=577)\n*   [컴포넌트(자유상품,전체상품 등) 위치를 어떻게 변경하나요?](https://help.sell.smartstore.naver.com/faq/list.help?categoryId=577)\n*   [컴포넌트(자유상품, 전체상품 등)를 미노출 하고 싶어요.](https://help.sell.smartstore.naver.com/faq/list.help?categoryId=577)\n*   [Today 방문자 집계 기준은 어떻게 되나요?](https://help.sell.smartstore.naver.com/faq/list.help?categoryId=577)\n*   [Today 방문자 , Total 방문자 노출을 안하고 싶어요. 어떻게 해야 하나요?](https://help.sell.smartstore.naver.com/faq/list.help?categoryId=577)\n*   [자유상품 컴포넌트는 어떻게 설정하나요?](https://help.sell.smartstore.naver.com/faq/list.help?categoryId=577)\n*   [컴포넌트 타이틀(제목)을 변경할 수 있나요?](https://help.sell.smartstore.naver.com/faq/list.help?categoryId=577)\n*   [베스트리뷰상품 컴포넌트 설정은 어떻게 하나요?](https://help.sell.smartstore.naver.com/faq/list.help?categoryId=577)\n*   [베스트 상품 컴포넌트 상품 노출기준은 어떻게 되나요?](https://help.sell.smartstore.naver.com/faq/list.help?categoryId=577)\n*   [스마트스토어명 영역의 글자 간격이 달라져 일부 글자가 하단 줄로 내려갔어요.](https://help.sell.smartstore.naver.com/faq/list.help?categoryId=577)\n*   [판매중지/전시중으로 설정한 상품이 노출되지 않아요.](https://help.sell.smartstore.naver.com/faq/list.help?categoryId=577)\n*   [적용화면 미리보기는 어떤 기능인가요?](https://help.sell.smartstore.naver.com/faq/list.help?categoryId=577)\n*   [프로모션 배너 컴포넌트는 어떻게 설정하나요?](https://help.sell.smartstore.naver.com/faq/list.help?categoryId=577)\n*   ['썸네일 타입'은 어떤 기능인가요?](https://help.sell.smartstore.naver.com/faq/list.help?categoryId=577)\n*   [신상품 컴포넌트의 상품 자동선정 기준은 무엇인가요?](https://help.sell.smartstore.naver.com/faq/list.help?categoryId=577)\n*   [전체상품 컴포넌트 영역에서 선정기준 6가지 모두 동일한 상품 순서대로 노출돼요.](https://help.sell.smartstore.naver.com/faq/list.help?categoryId=577)\n*   [DataTab(데이터탭) 연령별/성별 검색 인기도 비노출 할 수 있나요?](https://help.sell.smartstore.naver.com/faq/list.help?categoryId=577)\n*   [상품 전시이미지 하단 상품 설명을 노출하고 싶어요.](https://help.sell.smartstore.naver.com/faq/list.help?categoryId=577)\n*   [알림받기란 무엇인가요?](https://help.sell.smartstore.naver.com/faq/list.help?categoryId=577)\n*   [알림받기 고객 수를 확인할 수 있나요?](https://help.sell.smartstore.naver.com/faq/list.help?categoryId=577)\n*   [상품찜 개수가 줄어들었어요.](https://help.sell.smartstore.naver.com/faq/list.help?categoryId=577)\n*   [찜한 상품의 상품 정보가 실제 상품 정보와 다를 수 있나요?](https://help.sell.smartstore.naver.com/faq/list.help?categoryId=577)\n*   [스마트스토어 검색바 검색 조건은 어떻게 되나요?](https://help.sell.smartstore.naver.com/faq/list.help?categoryId=577)\n*   [스토어 등급 노출을 안하고 싶어요. 어떻게 해야 하나요?](https://help.sell.smartstore.naver.com/faq/list.help?categoryId=577)\n*   [전시할 상품영역에서 확인되는 상품 데이터 기준(주문수, 유입수, 구매율, 찜수)은 어떻게 되나요?](https://help.sell.smartstore.naver.com/faq/list.help?categoryId=577)\n*   [제가 운영 중인 다른 스토어의 상품이 노출되고 있어요.](https://help.sell.smartstore.naver.com/faq/list.help?categoryId=577)\n*   [스마트스토어 로고이미지 위치 조정이 가능한가요?](https://help.sell.smartstore.naver.com/faq/list.help?categoryId=577)\n*   [베스트리뷰상품 영역이 노출되지 않습니다. 왜그런가요?](https://help.sell.smartstore.naver.com/faq/list.help?categoryId=577)\n*   [상품상세페이지 상단 베스트상품은 어떤 기준으로 노출되나요?](https://help.sell.smartstore.naver.com/faq/list.help?categoryId=577)\n*   [베스트 상품 컴포넌트 설정 후 메인에서 확인 시 4위(BEST)만 다른색상으로 노출됩니다.](https://help.sell.smartstore.naver.com/faq/list.help?categoryId=577)\n*   [컴포넌트 관리 영역에서 베스트상품, 신상품, 전체상품 내 상품 이미지 타입 사이즈는 어떻게 되나요?](https://help.sell.smartstore.naver.com/faq/list.help?categoryId=577)\n*   [기획전 배너 컴포넌트는 어떻게 설정하나요?](https://help.sell.smartstore.naver.com/faq/list.help?categoryId=577)\n*   [모바일 GNB 배경색을 흰색(흰배경)으로 어떻게 설정하나요?](https://help.sell.smartstore.naver.com/faq/list.help?categoryId=577)\n*   [브랜드스토어가 무엇인가요?](https://help.sell.smartstore.naver.com/faq/list.help?categoryId=577)\n*   [브랜드 패키지가 브랜드스토어인가요?](https://help.sell.smartstore.naver.com/faq/list.help?categoryId=577)\n*   [브랜드 패키지는 어떻게 신청하나요?](https://help.sell.smartstore.naver.com/faq/list.help?categoryId=577)\n*   [프로모션 이미지, 자유배너 컴포넌트, 카테고리 내 적용 가능한 링크(URL)는 어떤 것이 있나요?](https://help.sell.smartstore.naver.com/faq/list.help?categoryId=577)\n*   [베스트 리뷰 상품의 대표이미지가 모바일 환경에서 일부 잘려서 노출됩니다, 왜 그런건가요?](https://help.sell.smartstore.naver.com/faq/list.help?categoryId=577)\n*   [스토어 홈에 등록한 상품 태그가 노출되지 않습니다.](https://help.sell.smartstore.naver.com/faq/list.help?categoryId=577)\n*   [스토어 홈에 상품 노출 시 상세페이지에 기재한 문구가 노출되지 않도록 하고싶어요.](https://help.sell.smartstore.naver.com/faq/list.help?categoryId=577)\n*   [스토어홈에 '스토어 등급/굿서비스' 아이콘이 노출되지 않습니다.](https://help.sell.smartstore.naver.com/faq/list.help?categoryId=577)\n*   [베스트 카테고리 선정기준은 어떻게 되나요?](https://help.sell.smartstore.naver.com/faq/list.help?categoryId=577)\n*   [베스트 카테고리에서 썸네일 이미지가 잘려보입니다.](https://help.sell.smartstore.naver.com/faq/list.help?categoryId=577)\n*   [베스트 카테고리 설정을 변경하고 싶어요.](https://help.sell.smartstore.naver.com/faq/list.help?categoryId=577)\n*   [상품상세 옵션 필터에서 선택한 값과 다른 옵션의 리뷰가 노출돼요.](https://help.sell.smartstore.naver.com/faq/list.help?categoryId=577)\n*   ['관심고객수'가 무엇인가요?](https://help.sell.smartstore.naver.com/faq/list.help?categoryId=577)\n*   [모바일 상품페이지 상단에 노출되는 혜택 배너는 어떻게 설정하나요?](https://help.sell.smartstore.naver.com/faq/list.help?categoryId=577)\n*   [유입수와 유입고객수가 집계되는 기준은 어떻게 되나요?](https://help.sell.smartstore.naver.com/faq/list.help?categoryId=577)\n*   ['알림받기' 버튼의 색상을 변경할 수 있나요?](https://help.sell.smartstore.naver.com/faq/list.help?categoryId=577)\n*   [스토어 카테고리 클릭 시 노출되는 상품 리스트 내 최대할인가는 어떤 기준인가요?](https://help.sell.smartstore.naver.com/faq/list.help?categoryId=577)\n*   [스토어 카테고리 전시 내 '오늘출발' 아이콘 노출 기준은 어떻게 되나요?](https://help.sell.smartstore.naver.com/faq/list.help?categoryId=577)\n*   [상품상세페이지 내 상품찜 개수가 미노출돼요.](https://help.sell.smartstore.naver.com/faq/list.help?categoryId=577)\n*   [구매 유도 메시지 미노출 설정을 하고 싶습니다.](https://help.sell.smartstore.naver.com/faq/list.help?categoryId=577)\n*   [구매자수의 집계 기준은 어떻게 되나요?](https://help.sell.smartstore.naver.com/faq/list.help?categoryId=577)\n*   [재구매자수의 집계 기준은 어떻게 되나요?](https://help.sell.smartstore.naver.com/faq/list.help?categoryId=577)\n*   [구매자수/재구매자수 모두 노출 되도록 설정했으나, 메시지가 노출되지 않는 상품이 있습니다. 왜 그런가요?](https://help.sell.smartstore.naver.com/faq/list.help?categoryId=577)\n*   [구매자수/ 재구매자수 노출 기준을 알려주세요.](https://help.sell.smartstore.naver.com/faq/list.help?categoryId=577)\n*   [상품페이지 내 다른 구성 상품 노출 영역은 무엇인가요?](https://help.sell.smartstore.naver.com/faq/list.help?categoryId=577)\n*   [다른 구성 추천 영역은 무조건 노출이 되는 건가요?](https://help.sell.smartstore.naver.com/faq/list.help?categoryId=577)\n*   [다른 구성 추천 영역의 상품 정렬 기준은 어떻게 되나요?](https://help.sell.smartstore.naver.com/faq/list.help?categoryId=577)\n*   ['같이 둘러볼만한 다양한 스토어 상품 추천'영역은 무엇인가요?](https://help.sell.smartstore.naver.com/faq/list.help?categoryId=577)\n*   [DataTab(데이터탭) 연령별/성별 검색 인기도 노출 기준을 알려주세요.](https://help.sell.smartstore.naver.com/faq/list.help?categoryId=577)\n*   [상품페이지 접속 후 대표이미지 영역에 바로 동영상 노출은 어떻게 하는건가요?](https://help.sell.smartstore.naver.com/faq/list.help?categoryId=577)\n*   [상품찜/장바구니 담기를 했을 경우 '비슷한 상품/함께 구매하면 좋은 상품'으로 추천되는 상품 기준은 어떻게 되나요?](https://help.sell.smartstore.naver.com/faq/list.help?categoryId=577)\n*   [상품찜/장바구니 담기 시 노출되는 상품 추천 영역이 무엇인가요?](https://help.sell.smartstore.naver.com/faq/list.help?categoryId=577)\n*   [스토어홈 상단에 관심상품 문구가 노출됩니다.](https://help.sell.smartstore.naver.com/faq/list.help?categoryId=577)\n*   [모바일 상품상세 리뷰 상단 노출은 어떻게 설정 하나요?](https://help.sell.smartstore.naver.com/faq/list.help?categoryId=577)\n*   [모바일 상품상세 리뷰 상단 노출 설정 시 모든 상품에 무조건 노출되나요?](https://help.sell.smartstore.naver.com/faq/list.help?categoryId=577)\n*   [모바일 상품상세 상단에 노출되는 리뷰 정렬 기준이 어떻게 되나요?](https://help.sell.smartstore.naver.com/faq/list.help?categoryId=577)\n*   [모바일 상품상세 기본페이지 내에서 전체리뷰 또는 Q&A 영역 내용이 일부만 노출이 됩니다.](https://help.sell.smartstore.naver.com/faq/list.help?categoryId=577)\n*   [모바일 상품상세 탭에 순서를 변경 할 수 있나요?](https://help.sell.smartstore.naver.com/faq/list.help?categoryId=577)\n*   [모바일 상품상세 판매자 정보 내 CS응답, 빠른배송, 최근판매, 구매만족 데이터를 미노출하고 싶습니다.](https://help.sell.smartstore.naver.com/faq/list.help?categoryId=577)\n*   [모바일 상품상세 판매자정보에 노출되는 '최근판매/빠른배송/CS응답/구매만족' 데이터의 집계 기준은 어떻게 되나요?](https://help.sell.smartstore.naver.com/faq/list.help?categoryId=577)\n*   [모바일 상품상세 판매자정보 내 노출되는 인증(브랜드스토어, 윈도입점, 인증 스토어 등) 뱃지는 어떻게 노출 할 수 있나요?](https://help.sell.smartstore.naver.com/faq/list.help?categoryId=577)\n*   [모바일 상품상세 판매자정보 내 오픈경력 노출은 어떤 기준인가요?](https://help.sell.smartstore.naver.com/faq/list.help?categoryId=577)\n*   [스마트스토어 모바일 홈화면에서 스토어내 상품검색 배너 노출은 어떻게 설정하나요?](https://help.sell.smartstore.naver.com/faq/list.help?categoryId=577)\n*   [모바일 대표이미지 아래 관심고객수/알림받기/스토어명이 노출되지 않습니다.](https://help.sell.smartstore.naver.com/faq/list.help?categoryId=577)\n*   [대표이미지 내 태그가 노출되어 이미지가 가려지는데요, 미설정 가능한가요?](https://help.sell.smartstore.naver.com/faq/list.help?categoryId=577)\n*   [모바일 상품명 옆에 미노출되는 태그 종류는 어떻게 되나요?](https://help.sell.smartstore.naver.com/faq/list.help?categoryId=577)\n*   [대표이미지 내 확대보기 버튼이 미노출되고 있어요.](https://help.sell.smartstore.naver.com/faq/list.help?categoryId=577)\n*   [모바일 상품상세영역 소식배너는 어디에 노출되나요?](https://help.sell.smartstore.naver.com/faq/list.help?categoryId=577)\n*   [모바일 상품상세 혜택 영역 내 '라운지/등급혜택'이 미노출됩니다.](https://help.sell.smartstore.naver.com/faq/list.help?categoryId=577)\n*   [모바일 상품상세 대표이미지 내 노출되는 BEST,NEW 구매 유도메시지 기준은 어떻게 되나요?](https://help.sell.smartstore.naver.com/faq/list.help?categoryId=577)\n*   [모바일 상품상세에서 지역도서산간지역 배송비 및 지역별 차등 배송비 노출이 상세히 보이지 않습니다.](https://help.sell.smartstore.naver.com/faq/list.help?categoryId=577)\n*   [모바일 상품상세 내 쇼핑윈도 베스트 플래그가 노출되지 않습니다.](https://help.sell.smartstore.naver.com/faq/list.help?categoryId=577)\n*   [상품상세 하단 '이 상품과 비슷한 상품' 영역은 무엇인가요?](https://help.sell.smartstore.naver.com/faq/list.help?categoryId=577)\n*   [상품상세 하단 '함께 구매하기 좋은 상품' 영역은 무엇인가요?](https://help.sell.smartstore.naver.com/faq/list.help?categoryId=577)\n*   [상품상세 하단 'FOR YOU 당신이 좋아할 만한 상품' 영역은 무엇인가요?](https://help.sell.smartstore.naver.com/faq/list.help?categoryId=577)\n\n*   [이용약관](https://sell.smartstore.naver.com/#/terms/agreement \"새창\")\n*   [전자금융거래 이용약관](https://new-m.pay.naver.com/member/terms-policy/finance \"새창\")\n*   [**개인정보 처리방침**](http://mktg.naver.com/privacy/privacy.html \"새창\")\n*   [청소년 보호정책](http://www.naver.com/policy/youthpolicy.html \"새창\")\n*   [책임의 한계와 법적고지](http://smartstore.naver.com/main/rules/responsibility \"팝업\")\n*   [안전거래가이드](http://ips.smartstore.naver.com/main/rules/safety \"새창\")\n*   [고객센터](https://help.sell.smartstore.naver.com/)\n\n네이버㈜는 결제정보의 중개서비스 또는 통신판매중개시스템의 제공자로서, 통신판매의 당사자가 아니며, 상품의 주문, 배송 및 환불 등과 관련한 의무와 책임은 각 판매자에게 있습니다.\n\n또한 판매자와 구매자간의 직거래에 대하여 당사는 관여하지 않기 때문에 거래에 대해서는 책임을 지지 않습니다.\n\n*   사업자등록번호 : 220-81-62517\n*   통신판매업신고번호 : 제2006-경기성남-0692호\n*   대표이사 : 최수연\n*   [사업자정보확인](https://www.ftc.go.kr/bizCommPop.do?wrkr_no=2208162517 \"새창\")\n*   주소 : 경기도 성남시 분당구 정자일로 95, NAVER 1784 (13561)\n*   전화 : 1588-3819\n*   이메일 : [helpcustomer@naver.com](mailto:helpcustomer@naver.com)\n*   [1:1문의](https://help.sell.smartstore.naver.com/mail/form.help)\n\n[NAVER](http://www.navercorp.com/ko/index.nhn \"새창\")\n\nCopyright © [**NAVER Corp.**](http://www.navercorp.com/ko/index.nhn \"새창\") All rights reserved."
      },
      {
        "platform": "naver",
        "title": "고객센터 - 스마트스토어",
        "url": "https://help.sell.smartstore.naver.com/faq/content.help?faqId=4153",
        "snippet": "스마트스토어 고객센터\n\nNAVER스마트스토어센터\n\n로그인\n\n궁금할 땐 톡톡상담하세요!\n\n톡톡상담\n\n   홈\n       홈\n\n   회원가입\n       신규 회원가입\n       초대로 회원가입\n       아이디/비밀번호 찾기\n       탈퇴/재가입\n       네이버 쇼핑 입점\n       2단계 인증\n\n   상품관리\n       그룹상품 리뷰이동\n       그룹상품 노출 관리\n       상품 조회/수정\n       상품 등록\n       상품 일괄등록\n       카탈로그 가격관리\n       연관상품 관리\n       사진 보관함\n       배송정보 관리\n       템플릿 관리\n       공지사항 관리\n       상품정보 검색품질(SEO)\n       구독 관리\n       상품명 마스터\n       등록 정보 검토\n       검색 순위 진단 [...] 4) 원하는 상품 정보를 수정하신 이후에 상단의 '저장하기' 버튼을 꼭 선택해 주세요.\n\nImage 2: 1\n\n※ 참고. 상품 등록 후 수정 불가능 항목\n\n· 카탈로그가 매칭완료된 경우 수정 불가\n\n· 판매가가 10원 미만으로 등록된 경우 이후 수정 불가 (현재 최소 10원 이상 등록가능)\n\n· 카테고리(카탈로그를 검색하여 설정한 경우)\n\n· 네이버 쇼핑 가격비교 상품에 등록된 경우\n\n· 등록한 대카테고리가 아닌 다른 대카테고리로 변경하고자 하는 경우\n\n· 결제수단이 제한되는 카테고리에서 일반카테고리로 변경하고자 하는 경우\n\n· 변경하려는 카테고리가 등록권한이 필요한 경우\n\n3. 상품 복사하기\n\n상품 등록 후 수정 불가능한 항목에 대한 수정 등 필요할 경우 상품 복사하기 기능을 통해 신규로 등록하실 수 있습니다. [...] 네이버쇼핑에 노출되는 제조사/브랜드명이 입력한 정보와 상이하게 노출돼요.\n   상품 상세페이지의 배송기간(리드타임) 노출 기준이 어떻게 되나요?\n   상품명을 바꿔도 수정되지 않아요.\n   판매 진행 중인 전체 상품을 오늘출발 가능한 상품으로 일괄 변경하고 싶어요.\n   오늘출발로 설정한 상품을 일괄 조회하고 싶어요.\n   이미 등록된 상품을 맞춤제작 상품으로 일괄 변경하고 싶어요.\n   맞춤제작 상품은 어떻게 구분할 수 있나요?\n   모바일 상세페이지 확인 시 빠른 이미지 노출을 위한 권장사항이 있을까요?\n   상품 상세페이지의 배송 시뮬레이터는 어떻게 노출하나요?\n   판매중인 상품의 배송정보를 일괄로 수정 하고 싶어요.\n   예약구매 상품을 일괄 변경하고 싶어요.\n   예약구매 상품만 조회할 수 있나요?\n   상품 일괄수정(변경)은 어떻게 하나요?\n   라이브 특가 적용 중인 상품의 할인을 수정하면 어떻게 되나요?",
        "score": 0.04891691,
        "timestamp": "2025-11-29T02:23:20.952665",
        "raw_content": "스마트스토어 고객센터\n\n===============\n\n[NAVER](http://www.naver.com/ \"NAVER\")[스마트스토어센터](https://sell.smartstore.naver.com/ \"스마트스토어센터\")\n===============================================================================================\n\n[로그인](https://help.sell.smartstore.naver.com/faq/content.help?faqId=4153#)\n\n궁금할 땐 톡톡상담하세요!\n\n[톡톡상담](https://help.sell.smartstore.naver.com/faq/content.help?faqId=4153#)\n\n*   [홈](https://help.sell.smartstore.naver.com/faq/content.help?faqId=4153)\n    *   [홈](https://help.sell.smartstore.naver.com/faq/list.help?categoryId=11082)\n\n*   [회원가입](https://help.sell.smartstore.naver.com/faq/content.help?faqId=4153)\n    *   [신규 회원가입](https://help.sell.smartstore.naver.com/faq/list.help?categoryId=535)\n    *   [초대로 회원가입](https://help.sell.smartstore.naver.com/faq/list.help?categoryId=536)\n    *   [아이디/비밀번호 찾기](https://help.sell.smartstore.naver.com/faq/list.help?categoryId=537)\n    *   [탈퇴/재가입](https://help.sell.smartstore.naver.com/faq/list.help?categoryId=538)\n    *   [네이버 쇼핑 입점](https://help.sell.smartstore.naver.com/faq/list.help?categoryId=539)\n    *   [2단계 인증](https://help.sell.smartstore.naver.com/faq/list.help?categoryId=924)\n\n*   [상품관리](https://help.sell.smartstore.naver.com/faq/content.help?faqId=4153)\n    *   [그룹상품 리뷰이동](https://help.sell.smartstore.naver.com/faq/list.help?categoryId=11086)\n    *   [그룹상품 노출 관리](https://help.sell.smartstore.naver.com/faq/list.help?categoryId=11126)\n    *   [상품 조회/수정](https://help.sell.smartstore.naver.com/faq/list.help?categoryId=540)\n    *   [상품 등록](https://help.sell.smartstore.naver.com/faq/list.help?categoryId=541)\n    *   [상품 일괄등록](https://help.sell.smartstore.naver.com/faq/list.help?categoryId=542)\n    *   [카탈로그 가격관리](https://help.sell.smartstore.naver.com/faq/list.help?categoryId=848)\n    *   [연관상품 관리](https://help.sell.smartstore.naver.com/faq/list.help?categoryId=649)\n    *   [사진 보관함](https://help.sell.smartstore.naver.com/faq/list.help?categoryId=543)\n    *   [배송정보 관리](https://help.sell.smartstore.naver.com/faq/list.help?categoryId=544)\n    *   [템플릿 관리](https://help.sell.smartstore.naver.com/faq/list.help?categoryId=545)\n    *   [공지사항 관리](https://help.sell.smartstore.naver.com/faq/list.help?categoryId=546)\n    *   [상품정보 검색품질(SEO)](https://help.sell.smartstore.naver.com/faq/list.help?categoryId=811)\n    *   [구독 관리](https://help.sell.smartstore.naver.com/faq/list.help?categoryId=1006)\n    *   [상품명 마스터](https://help.sell.smartstore.naver.com/faq/list.help?categoryId=10931)\n    *   [등록 정보 검토](https://help.sell.smartstore.naver.com/faq/list.help?categoryId=11139)\n    *   [검색 순위 진단](https://help.sell.smartstore.naver.com/faq/list.help?categoryId=11140)\n\n*   [쇼핑윈도관리](https://help.sell.smartstore.naver.com/faq/content.help?faqId=4153)\n    *   [쇼핑윈도 상품 조회/수정](https://help.sell.smartstore.naver.com/faq/list.help?categoryId=547)\n    *   [쇼핑윈도 상품 불러오기](https://help.sell.smartstore.naver.com/faq/list.help?categoryId=548)\n    *   [쇼핑윈도 소식 관리](https://help.sell.smartstore.naver.com/faq/list.help?categoryId=549)\n    *   [쇼핑윈도 스토어 관리](https://help.sell.smartstore.naver.com/faq/list.help?categoryId=551)\n\n*   [판매관리](https://help.sell.smartstore.naver.com/faq/content.help?faqId=4153)\n    *   [주문통합검색](https://help.sell.smartstore.naver.com/faq/list.help?categoryId=791)\n    *   [선물 수락대기](https://help.sell.smartstore.naver.com/faq/list.help?categoryId=558)\n    *   [미결제확인](https://help.sell.smartstore.naver.com/faq/list.help?categoryId=559)\n    *   [발주(주문)확인/발송관리](https://help.sell.smartstore.naver.com/faq/list.help?categoryId=560)\n    *   [배송현황 관리](https://help.sell.smartstore.naver.com/faq/list.help?categoryId=561)\n    *   [구매확정 내역](https://help.sell.smartstore.naver.com/faq/list.help?categoryId=562)\n    *   [취소 관리](https://help.sell.smartstore.naver.com/faq/list.help?categoryId=563)\n    *   [반품 관리](https://help.sell.smartstore.naver.com/faq/list.help?categoryId=564)\n    *   [교환 관리](https://help.sell.smartstore.naver.com/faq/list.help?categoryId=565)\n    *   [판매방해 고객관리](https://help.sell.smartstore.naver.com/faq/list.help?categoryId=837)\n    *   [반품안심케어](https://help.sell.smartstore.naver.com/faq/list.help?categoryId=10776)\n\n*   [정산관리](https://help.sell.smartstore.naver.com/faq/content.help?faqId=4153)\n    *   [정산 내역 (일별/건별)](https://help.sell.smartstore.naver.com/faq/list.help?categoryId=566)\n    *   [항목별 정산 내역](https://help.sell.smartstore.naver.com/faq/list.help?categoryId=567)\n    *   [빠른정산](https://help.sell.smartstore.naver.com/faq/list.help?categoryId=932)\n    *   [부가세신고 내역](https://help.sell.smartstore.naver.com/faq/list.help?categoryId=568)\n    *   [세금계산서 조회](https://help.sell.smartstore.naver.com/faq/list.help?categoryId=569)\n    *   [비즈월렛 관리](https://help.sell.smartstore.naver.com/faq/list.help?categoryId=570)\n    *   [통합 정산내역](https://help.sell.smartstore.naver.com/faq/list.help?categoryId=571)\n    *   [중소상공인수수료전반](https://help.sell.smartstore.naver.com/faq/list.help?categoryId=840)\n    *   [초보판매자 정산가이드](https://help.sell.smartstore.naver.com/faq/list.help?categoryId=10809)\n    *   [우대수수료 환급내역](https://help.sell.smartstore.naver.com/faq/list.help?categoryId=10867)\n    *   [매출연동수수료](https://help.sell.smartstore.naver.com/faq/list.help?categoryId=11033)\n\n*   [문의/리뷰관리](https://help.sell.smartstore.naver.com/faq/content.help?faqId=4153)\n    *   [문의 관리](https://help.sell.smartstore.naver.com/faq/list.help?categoryId=574)\n    *   [고객문의 관리](https://help.sell.smartstore.naver.com/faq/list.help?categoryId=575)\n    *   [리뷰 관리](https://help.sell.smartstore.naver.com/faq/list.help?categoryId=576)\n    *   [리뷰이벤트 관리](https://help.sell.smartstore.naver.com/faq/list.help?categoryId=857)\n    *   [상품상세 블로그글 노출](https://help.sell.smartstore.naver.com/faq/list.help?categoryId=10953)\n    *   [톡톡 상담하기](https://help.sell.smartstore.naver.com/faq/list.help?categoryId=10763)\n    *   [톡톡 쇼핑챗봇/AI FAQ 설정](https://help.sell.smartstore.naver.com/faq/list.help?categoryId=10764)\n\n*   [스토어관리](https://help.sell.smartstore.naver.com/faq/content.help?faqId=4153)\n    *   [스마트스토어](https://help.sell.smartstore.naver.com/faq/list.help?categoryId=577)\n    *   [카테고리 관리](https://help.sell.smartstore.naver.com/faq/list.help?categoryId=579)\n    *   [쇼핑스토리 관리](https://help.sell.smartstore.naver.com/faq/list.help?categoryId=652)\n    *   [쇼핑라이브 숏클립 등록](https://help.sell.smartstore.naver.com/faq/list.help?categoryId=10731)\n    *   [기본정보 관리](https://help.sell.smartstore.naver.com/faq/list.help?categoryId=580)\n    *   [API 관리](https://help.sell.smartstore.naver.com/faq/list.help?categoryId=10954)\n    *   [SNS 설정](https://help.sell.smartstore.naver.com/faq/list.help?categoryId=10965)\n    *   [쇼핑윈도 노출 신청](https://help.sell.smartstore.naver.com/faq/list.help?categoryId=844)\n    *   [네이버 서비스 연결](https://help.sell.smartstore.naver.com/faq/list.help?categoryId=847)\n    *   [가격비교 서비스 연결](https://help.sell.smartstore.naver.com/faq/list.help?categoryId=10967)\n\n*   [혜택/마케팅](https://help.sell.smartstore.naver.com/faq/content.help?faqId=4153)\n    *   [혜택 등록](https://help.sell.smartstore.naver.com/faq/list.help?categoryId=608)\n    *   [혜택 조회/수정](https://help.sell.smartstore.naver.com/faq/list.help?categoryId=663)\n    *   [혜택 리포트](https://help.sell.smartstore.naver.com/faq/list.help?categoryId=609)\n    *   [포인트 지급관리](https://help.sell.smartstore.naver.com/faq/list.help?categoryId=10864)\n    *   [포인트 지급내역 조회](https://help.sell.smartstore.naver.com/faq/list.help?categoryId=799)\n    *   [고객등급 관리](https://help.sell.smartstore.naver.com/faq/list.help?categoryId=819)\n    *   [마케팅 보내기](https://help.sell.smartstore.naver.com/faq/list.help?categoryId=918)\n    *   [마케팅 이력](https://help.sell.smartstore.naver.com/faq/list.help?categoryId=919)\n    *   [마케팅 통계](https://help.sell.smartstore.naver.com/faq/list.help?categoryId=10728)\n    *   [AI 마케팅 효과분석](https://help.sell.smartstore.naver.com/faq/list.help?categoryId=10907)\n    *   [마케팅 링크 관리](https://help.sell.smartstore.naver.com/faq/list.help?categoryId=11058)\n\n*   [브랜드 혜택/마케팅](https://help.sell.smartstore.naver.com/faq/content.help?faqId=4153)\n    *   [고객군 마케팅](https://help.sell.smartstore.naver.com/faq/list.help?categoryId=10928)\n    *   [타겟팅 성과분석](https://help.sell.smartstore.naver.com/faq/list.help?categoryId=10929)\n    *   [라운지 노출 관리](https://help.sell.smartstore.naver.com/faq/list.help?categoryId=10877)\n    *   [라운지 가입 관리](https://help.sell.smartstore.naver.com/faq/list.help?categoryId=10878)\n    *   [추가 수집 항목 관리](https://help.sell.smartstore.naver.com/faq/list.help?categoryId=10879)\n    *   [라운지 멤버 관리](https://help.sell.smartstore.naver.com/faq/list.help?categoryId=10880)\n    *   [라운지 스토리 관리](https://help.sell.smartstore.naver.com/faq/list.help?categoryId=10881)\n    *   [라운지 통계](https://help.sell.smartstore.naver.com/faq/list.help?categoryId=10993)\n\n*   [커머스솔루션](https://help.sell.smartstore.naver.com/faq/content.help?faqId=4153)\n    *   [솔루션 목록](https://help.sell.smartstore.naver.com/faq/list.help?categoryId=10768)\n    *   [소비자조사](https://help.sell.smartstore.naver.com/faq/list.help?categoryId=10900)\n    *   [Quick 모니터링 관리](https://help.sell.smartstore.naver.com/faq/list.help?categoryId=10902)\n    *   [쇼핑 커넥트](https://help.sell.smartstore.naver.com/faq/list.help?categoryId=11057)\n\n*   [데이터 분석](https://help.sell.smartstore.naver.com/faq/content.help?faqId=4153)\n    *   [프로모션 진단](https://help.sell.smartstore.naver.com/faq/list.help?categoryId=11127)\n    *   [스토어분석](https://help.sell.smartstore.naver.com/faq/list.help?categoryId=11083)\n    *   [요약](https://help.sell.smartstore.naver.com/faq/list.help?categoryId=806)\n    *   [판매분석](https://help.sell.smartstore.naver.com/faq/list.help?categoryId=807)\n    *   [마케팅분석](https://help.sell.smartstore.naver.com/faq/list.help?categoryId=808)\n    *   [쇼핑행동분석](https://help.sell.smartstore.naver.com/faq/list.help?categoryId=809)\n    *   [시장벤치마크](https://help.sell.smartstore.naver.com/faq/list.help?categoryId=810)\n    *   [판매성과예측](https://help.sell.smartstore.naver.com/faq/list.help?categoryId=871)\n    *   [고객현황](https://help.sell.smartstore.naver.com/faq/list.help?categoryId=627)\n    *   [재구매 통계](https://help.sell.smartstore.naver.com/faq/list.help?categoryId=800)\n\n*   [광고관리](https://help.sell.smartstore.naver.com/faq/content.help?faqId=4153)\n    *   [쇼핑버티컬광고](https://help.sell.smartstore.naver.com/faq/list.help?categoryId=10946)\n    *   [CRM 마케팅 타겟 광고](https://help.sell.smartstore.naver.com/faq/list.help?categoryId=11024)\n\n*   [프로모션 관리](https://help.sell.smartstore.naver.com/faq/content.help?faqId=4153)\n    *   [기획전 관리](https://help.sell.smartstore.naver.com/faq/list.help?categoryId=845)\n    *   [참여형 프로모션 관리](https://help.sell.smartstore.naver.com/faq/list.help?categoryId=11061)\n    *   [미스터](https://help.sell.smartstore.naver.com/faq/list.help?categoryId=927)\n\n*   [N배송 관리](https://help.sell.smartstore.naver.com/faq/content.help?faqId=4153)\n    *   [N배송 프로그램](https://help.sell.smartstore.naver.com/faq/list.help?categoryId=10834)\n    *   [N배송 신청하기](https://help.sell.smartstore.naver.com/faq/list.help?categoryId=1005)\n    *   [N배송 재고관리](https://help.sell.smartstore.naver.com/faq/list.help?categoryId=11054)\n    *   [N배송 입고관리](https://help.sell.smartstore.naver.com/faq/list.help?categoryId=11116)\n    *   [N배송 리포트관리](https://help.sell.smartstore.naver.com/faq/list.help?categoryId=11102)\n    *   [물류비 청구내역](https://help.sell.smartstore.naver.com/faq/list.help?categoryId=11103)\n    *   [풀필먼트 주문 조회](https://help.sell.smartstore.naver.com/faq/list.help?categoryId=10942)\n    *   [N판매자배송 신청](https://help.sell.smartstore.naver.com/faq/list.help?categoryId=10986)\n    *   [N판매자배송 운영](https://help.sell.smartstore.naver.com/faq/list.help?categoryId=10985)\n    *   [판매자 창고 운영](https://help.sell.smartstore.naver.com/faq/list.help?categoryId=10944)\n\n*   [판매자 정보](https://help.sell.smartstore.naver.com/faq/content.help?faqId=4153)\n    *   [내정보](https://help.sell.smartstore.naver.com/faq/list.help?categoryId=581)\n    *   [판매자 정보](https://help.sell.smartstore.naver.com/faq/list.help?categoryId=582)\n    *   [매니저 관리](https://help.sell.smartstore.naver.com/faq/list.help?categoryId=10727)\n    *   [판매자 등급](https://help.sell.smartstore.naver.com/faq/list.help?categoryId=611)\n    *   [정보 변경 신청](https://help.sell.smartstore.naver.com/faq/list.help?categoryId=583)\n    *   [양도양수](https://help.sell.smartstore.naver.com/faq/list.help?categoryId=922)\n    *   [사업자 전환](https://help.sell.smartstore.naver.com/faq/list.help?categoryId=584)\n    *   [상품판매권한 신청](https://help.sell.smartstore.naver.com/faq/list.help?categoryId=855)\n    *   [고객확인제도](https://help.sell.smartstore.naver.com/faq/list.help?categoryId=923)\n    *   [심사내역 조회](https://help.sell.smartstore.naver.com/faq/list.help?categoryId=10726)\n    *   [판매자 지원 프로그램](https://help.sell.smartstore.naver.com/faq/list.help?categoryId=10711)\n    *   [성장 마일리지](https://help.sell.smartstore.naver.com/faq/list.help?categoryId=11091)\n    *   [굿서비스 점수](https://help.sell.smartstore.naver.com/faq/list.help?categoryId=11125)\n\n*   [공지사항](https://help.sell.smartstore.naver.com/faq/content.help?faqId=4153)\n    *   [공지사항](https://help.sell.smartstore.naver.com/faq/list.help?categoryId=10730)\n\n*   [공통/기타](https://help.sell.smartstore.naver.com/faq/content.help?faqId=4153)\n    *   [판매자센터 기본 이용방법](https://help.sell.smartstore.naver.com/faq/list.help?categoryId=586)\n    *   [스마트스토어센터 알림](https://help.sell.smartstore.naver.com/faq/list.help?categoryId=868)\n    *   [쇼핑라이브](https://help.sell.smartstore.naver.com/faq/list.help?categoryId=883)\n    *   [사장님 보험](https://help.sell.smartstore.naver.com/faq/list.help?categoryId=933)\n    *   [스마트스토어 사업자 대출](https://help.sell.smartstore.naver.com/faq/list.help?categoryId=934)\n    *   [사업자대출 대출안심케어](https://help.sell.smartstore.naver.com/faq/list.help?categoryId=989)\n    *   [정책지원금](https://help.sell.smartstore.naver.com/faq/list.help?categoryId=10769)\n    *   [스마트플레이스 사업자 대출](https://help.sell.smartstore.naver.com/faq/list.help?categoryId=10782)\n    *   [커머스API센터](https://help.sell.smartstore.naver.com/faq/list.help?categoryId=10783)\n    *   [네이버페이 마이비즈](https://help.sell.smartstore.naver.com/faq/list.help?categoryId=10787)\n    *   [스마트스토어 보증서 대출](https://help.sell.smartstore.naver.com/faq/list.help?categoryId=10909)\n    *   [API데이터솔루션(통계)](https://help.sell.smartstore.naver.com/faq/list.help?categoryId=10943)\n    *   [안전거래 정책](https://help.sell.smartstore.naver.com/faq/list.help?categoryId=10979)\n\n*   [1:1 문의하기](https://help.sell.smartstore.naver.com/mail/form.help)\n*   [1:1 문의내역](https://help.sell.smartstore.naver.com/mail/history.help)\n*   [신고하기](https://help.sell.smartstore.naver.com/mail/form.help?alias=shopn_accuse)\n*   [원격지원서비스](http://61.247.209.91/users/main/join.html)\n\n[스마트스토어센터 _사용자 매뉴얼_](https://sell.smartstore.naver.com/#/center-notice/list/MANUAL)\n\n[좌측 내비게이션 숨기기](https://help.sell.smartstore.naver.com/faq/content.help?faqId=4153#)\n\n고객센터\n----\n\n**FAQ**\n\n[전체](https://help.sell.smartstore.naver.com/faq/content.help?faqId=4153)\n*   [전체](https://help.sell.smartstore.naver.com/faq/content.help?faqId=4153)\n*   [홈](https://help.sell.smartstore.naver.com/faq/content.help?faqId=4153)\n*   [회원가입](https://help.sell.smartstore.naver.com/faq/content.help?faqId=4153)\n*   [상품관리](https://help.sell.smartstore.naver.com/faq/content.help?faqId=4153)\n*   [쇼핑윈도관리](https://help.sell.smartstore.naver.com/faq/content.help?faqId=4153)\n*   [판매관리](https://help.sell.smartstore.naver.com/faq/content.help?faqId=4153)\n*   [정산관리](https://help.sell.smartstore.naver.com/faq/content.help?faqId=4153)\n*   [문의/리뷰관리](https://help.sell.smartstore.naver.com/faq/content.help?faqId=4153)\n*   [스토어관리](https://help.sell.smartstore.naver.com/faq/content.help?faqId=4153)\n*   [혜택/마케팅](https://help.sell.smartstore.naver.com/faq/content.help?faqId=4153)\n*   [브랜드 혜택/마케팅](https://help.sell.smartstore.naver.com/faq/content.help?faqId=4153)\n*   [커머스솔루션](https://help.sell.smartstore.naver.com/faq/content.help?faqId=4153)\n*   [데이터 분석](https://help.sell.smartstore.naver.com/faq/content.help?faqId=4153)\n*   [광고관리](https://help.sell.smartstore.naver.com/faq/content.help?faqId=4153)\n*   [프로모션 관리](https://help.sell.smartstore.naver.com/faq/content.help?faqId=4153)\n*   [N배송 관리](https://help.sell.smartstore.naver.com/faq/content.help?faqId=4153)\n*   [판매자 정보](https://help.sell.smartstore.naver.com/faq/content.help?faqId=4153)\n*   [공지사항](https://help.sell.smartstore.naver.com/faq/content.help?faqId=4153)\n*   [공통/기타](https://help.sell.smartstore.naver.com/faq/content.help?faqId=4153)\n\n검색어 입력 0/100\n\n[검색](https://help.sell.smartstore.naver.com/faq/content.help?faqId=4153#)\n\n자동완성 켜기 자동완성 끄기 닫기\n\n*   [자주 묻는 질문](https://help.sell.smartstore.naver.com/faq/content.help?faqId=4153#)\n*   [★ 메뉴 활용 방법](https://help.sell.smartstore.naver.com/faq/content.help?faqId=4153#)\n*   [2단계 인증](https://help.sell.smartstore.naver.com/faq/content.help?faqId=4153#)\n*   [가입 절차](https://help.sell.smartstore.naver.com/faq/content.help?faqId=4153#)\n*   [고객확인제도](https://help.sell.smartstore.naver.com/faq/content.help?faqId=4153#)\n*   [수수료의 종류](https://help.sell.smartstore.naver.com/faq/content.help?faqId=4153#)\n*   [상품등록](https://help.sell.smartstore.naver.com/faq/content.help?faqId=4153#)\n*   [발송처리](https://help.sell.smartstore.naver.com/faq/content.help?faqId=4153#)\n*   [자동 구매확정](https://help.sell.smartstore.naver.com/faq/content.help?faqId=4153#)\n*   [부가세신고](https://help.sell.smartstore.naver.com/faq/content.help?faqId=4153#)\n\n### 상품 조회/수정\n\n*   [★ 상품 조회/수정 메뉴 활용방법](https://help.sell.smartstore.naver.com/faq/content.help?faqId=4153) ​**등록한 상품을 조회/수정할 수 있는 메뉴입니다.**\n**1. 상품조회하기**\n\n****\n\n1)[상품관리 >[**상품조회/수정**](https://sell.storefarm.naver.com/#/products/origin-list)] 메뉴를 접속합니다.\n\n2) 조건을 설정하여 검색해 주세요.\n\n - 기본적으로 \"최근 1년 이내 신규등록\",\"판매중\"의 상품을 우선 노출 해 주고 있으며 판매대기/품절 등 모든 상품을 조회하시려면 \"판매상태\"를 전체로 체크하여 조회하시면 됩니다.\n\n - 상단에 판매상태별 상품 건수 확인이 가능하며, 건수를 클릭 시 상품목록에 등록한 상품이 조회됩니다. \n\n - 특정 상품의 조회를 원하신다면, \"검색어\" 기능을 사용해서 상품번호/상품명/제조사명 등 원하시는 유형으로 조회하실 수 있습니다. (상품번호/판매자 상품번호로 검색 시 다른 조건은 포함되지 않으며, 해당 키워드로만 조회됩니다.)\n\n3) 상품번호 클릭 시 상품의 상세페이지로 이동합니다.\n\n**2. 상품 수정하기**\n\n1)[상품관리 >[**상품조회/수정**](https://sell.storefarm.naver.com/#/products/origin-list)] 메뉴를 접속합니다.\n\n2) 조건을 설정하여 검색해 주세요.\n\n3)상품목록의 '수정' 버튼을 클릭하시면 최초 상품을 등록했던 페이지로 이동합니다.\n\n![Image 1: 1](https://help.sell.smartstore.naver.com/fpsfiles//201708/1502159969971059.png)\n\n4) 원하는 상품 정보를 수정하신 이후에 상단의 '저장하기' 버튼을 꼭 선택해 주세요.\n\n![Image 2: 1](https://help.sell.smartstore.naver.com/fpsfiles//201708/1502159981430017.png)\n\n****\n\n**※ 참고. 상품 등록 후 수정 불가능 항목******\n\n· 카탈로그가 매칭완료된 경우 수정 불가\n\n· 판매가가 10원 미만으로 등록된 경우 이후 수정 불가 (현재 최소 10원 이상 등록가능)\n\n· 카테고리(카탈로그를 검색하여 설정한 경우)\n\n· 네이버 쇼핑 가격비교 상품에 등록된 경우\n\n· 등록한 대카테고리가 아닌 다른 대카테고리로 변경하고자 하는 경우\n\n· 결제수단이 제한되는 카테고리에서 일반카테고리로 변경하고자 하는 경우\n\n· 변경하려는 카테고리가 등록권한이 필요한 경우\n\n**3. 상품 복사하기**\n\n상품 등록 후 수정 불가능한 항목에 대한 수정 등 필요할 경우 상품 복사하기 기능을 통해 신규로 등록하실 수 있습니다.\n\n**! 주의.**'단일 몰' 내에서 또는 '복수 몰' 전체에서 동일한 상품을 하나만 등록해야 합니다. 상품이 동일할 경우 중복기준에 따라 제재가 이루어지므로 반드시 삭제해 주셔야 합니다.\n\n1)[상품관리 >[**상품조회/수정**](https://sell.storefarm.naver.com/#/products/origin-list)] 메뉴를 접속합니다.\n\n2) 조건을 설정하여 검색해 주세요.\n\n3)상품목록의 '복사' 버튼을 클릭하시면 최초 상품을 등록했던 페이지로 이동합니다.\n\n![Image 3: %EB%B3%B5%EC%82%AC%20%EA%B8%B0%EB%8A%A5%20](https://help.sell.smartstore.naver.com/fpsfiles/ko/202111/1697bd69-95c2-49a0-b9bb-18e6a6e13f8e.png)\n\n4) 원하는 상품 정보를 수정하신 이후에 상단의 '저장하기' 버튼을 클릭하시면 상품이 신규로 등록됩니다.\n\n**4. 상품 일괄 수정(변경)하기**\n\n****\n\n**상품 일괄 수정(변경) 방법**\n\n1. [상품관리 >[**상품 조회/수정**](https://sell.smartstore.naver.com/#/products/origin-list)] 메뉴에서 변경할 상품을 검색해 주세요.\n\n2. 상품목록에서 변경할 상품을 선택해 주세요.\n\n3. 상품목록 상단의 노출되는 일부 항목에 대해서만 상품 일괄 변경(수정)이 가능합니다.\n\n![Image 4: %EC%9D%BC%EA%B4%84%EB%B3%80%EA%B2%BD](https://help.sell.smartstore.naver.com/fpsfiles/ko/202112/c513f887-4c64-4fe9-b836-f30c47654861.png)\n\n상품 일괄 수정(변경)은 [상품관리 >[**상품 조회/수정**](https://sell.smartstore.naver.com/#/products/origin-list)] 메뉴에서\n\n③ '일괄변경' 항목 또는 ④ '엑셀 일괄 수정'을 통해 진행 가능합니다.영역별 수정가능 항목은 아래 이미지를 확인해 주세요.\n\n![Image 5: %EC%83%81%ED%92%88%EC%A1%B0%ED%9A%8C%EC%88%98%EC%A0%95](https://help.sell.smartstore.naver.com/fpsfiles/ko/202501/7c7b6d2a-1130-41d5-b3ca-a265ada4b2c5.png)\n\n**! 주의.**간편 옵션이 등록된 상품은 일괄 수정 불가합니다.\n\n**※참고.**\n\n· 예약구매 상품으로 설정한 경우 주문시작(시작일) 이전에는 '판매대기' 상태로 설정되며, 주문기간(시작일)에 '판매중' 상태로 변경됩니다.\n\n· 엑셀일괄 수정은 한번에 최대 500개까지 업로드할 수 있습니다.\n\n· 엑셀 일괄 수정 시 브랜드명을 변경하지 않았어도, 기설정된 브랜드 ID가 삭제되어 반영됩니다.(카탈로그 ID는 삭제되지 않음)\n\n만약 브랜드 ID를 추가 등록 해야한다면 [상품관리 >[**상품 조회/수정**](https://sell.smartstore.naver.com/#/products/origin-list)] 메뉴에서 상품마다 개별 등록이 필요합니다.\n\n(브랜드ID가 삭제되어도 쇼핑검색에 영향을 주지는 않습니다.)\n\n· 스마트스토어센터에서 상품 정보를 변경한 후 변경된 사항이 네이버쇼핑에 적용되어 노출되기까지는 만 1일이 소요되고 있습니다.\n\n위 도움말이 도움이 되었나요?\n\n- [x] 별점1점 - [x] 별점2점 - [x] 별점3점 - [x] 별점4점 - [x] 별점5점   도움말에 대한 소중한 의견은 서비스 개선에 큰 도움이 됩니다. 만약, 궁금하신 내용이 있다면 고객센터로 문의주시면 친절히 안내해 드리겠습니다.보내기  [도움말 닫기](https://help.sell.smartstore.naver.com/faq/content.help?faqId=4153)  \n*   [★ 그룹상품 조회/수정 메뉴 활용방법](https://help.sell.smartstore.naver.com/faq/content.help?faqId=4153)\n*   [★ '상품 조회/수정' 관련 자주 묻는 질문](https://help.sell.smartstore.naver.com/faq/content.help?faqId=4153)\n*   [상품조회/수정 메뉴에서 내가 등록한 상품이 조회되지 않아요.](https://help.sell.smartstore.naver.com/faq/content.help?faqId=4153)\n*   [내가 등록한 상품을 어떻게 확인할 수 있나요?](https://help.sell.smartstore.naver.com/faq/content.help?faqId=4153)\n*   [이미 등록한 상품을 수정하고 싶어요.](https://help.sell.smartstore.naver.com/faq/content.help?faqId=4153)\n*   [[쇼핑윈도 전용] 쇼핑윈도에 노출되는 상품만 조회하고 싶어요.](https://help.sell.smartstore.naver.com/faq/content.help?faqId=4153)\n*   [등록된 상품의 정보를 엑셀로 다운로드 받고 싶어요.](https://help.sell.smartstore.naver.com/faq/content.help?faqId=4153)\n*   [[쇼핑윈도 전용] \"쇼핑윈도의 경우에는 전시상태를 직접 변경하실 수 없습니다\"는 무슨 의미인가요?](https://help.sell.smartstore.naver.com/faq/content.help?faqId=4153)\n*   [[쇼핑윈도 전용] 윈도서비스 페이지에 상품이 노출되지 않아요. 왜 그런가요?](https://help.sell.smartstore.naver.com/faq/content.help?faqId=4153)\n*   [모바일 환경에서 추가구성 상품을 등록/수정 가능한가요?](https://help.sell.smartstore.naver.com/faq/content.help?faqId=4153)\n*   [상품의 옵션은 몇 개까지 등록 가능한가요?](https://help.sell.smartstore.naver.com/faq/content.help?faqId=4153)\n*   [[쇼핑윈도 전용] 쇼핑윈도 상품 불러오기로 등록 후 상품 수정은 어떻게 하나요?](https://help.sell.smartstore.naver.com/faq/content.help?faqId=4153)\n*   [[쇼핑윈도 전용] 쇼핑윈도 상품들이 많은데 상품정보/조회 수정 메뉴에서 확인되지 않아요.](https://help.sell.smartstore.naver.com/faq/content.help?faqId=4153)\n*   [즉시할인 일괄설정/해제는 어떻게 하나요?](https://help.sell.smartstore.naver.com/faq/content.help?faqId=4153)\n*   [PC에서는 공지사항이 노출되나 모바일에서는 노출되지 않아요.](https://help.sell.smartstore.naver.com/faq/content.help?faqId=4153)\n*   [상세이미지를 변경하였으나 모바일(휴대폰)에서는 변경 전 이미지로 노출돼요.](https://help.sell.smartstore.naver.com/faq/content.help?faqId=4153)\n*   [상품등록 후 대카테고리 수정이 가능한가요?](https://help.sell.smartstore.naver.com/faq/content.help?faqId=4153)\n*   [상품목록에서 엑셀다운로드 시 파일이 정상적으로 열리지 않아요.(깨짐 현상)](https://help.sell.smartstore.naver.com/faq/content.help?faqId=4153)\n*   [연결완료된 카탈로그가 내 상품과 맞지 않아요.](https://help.sell.smartstore.naver.com/faq/content.help?faqId=4153)\n*   [옵션/추가상품 판매 중 일부가 품절되었습니다. '품절'처리는 어떻게 하나요?](https://help.sell.smartstore.naver.com/faq/content.help?faqId=4153)\n*   [네이버쇼핑 검색결과 내 쇼핑몰 명 하단 '적립/쿠폰/할인'문구가 노출되길 원해요.](https://help.sell.smartstore.naver.com/faq/content.help?faqId=4153)\n*   [네이버쇼핑에 노출되는 제조사/브랜드명이 입력한 정보와 상이하게 노출돼요.](https://help.sell.smartstore.naver.com/faq/content.help?faqId=4153)\n*   [상품 상세페이지의 배송기간(리드타임) 노출 기준이 어떻게 되나요?](https://help.sell.smartstore.naver.com/faq/content.help?faqId=4153)\n*   [상품명을 바꿔도 수정되지 않아요.](https://help.sell.smartstore.naver.com/faq/content.help?faqId=4153)\n*   [판매 진행 중인 전체 상품을 오늘출발 가능한 상품으로 일괄 변경하고 싶어요.](https://help.sell.smartstore.naver.com/faq/content.help?faqId=4153)\n*   [오늘출발로 설정한 상품을 일괄 조회하고 싶어요.](https://help.sell.smartstore.naver.com/faq/content.help?faqId=4153)\n*   [이미 등록된 상품을 맞춤제작 상품으로 일괄 변경하고 싶어요.](https://help.sell.smartstore.naver.com/faq/content.help?faqId=4153)\n*   [맞춤제작 상품은 어떻게 구분할 수 있나요?](https://help.sell.smartstore.naver.com/faq/content.help?faqId=4153)\n*   [모바일 상세페이지 확인 시 빠른 이미지 노출을 위한 권장사항이 있을까요?](https://help.sell.smartstore.naver.com/faq/content.help?faqId=4153)\n*   [상품 상세페이지의 배송 시뮬레이터는 어떻게 노출하나요?](https://help.sell.smartstore.naver.com/faq/content.help?faqId=4153)\n*   [판매중인 상품의 배송정보를 일괄로 수정 하고 싶어요.](https://help.sell.smartstore.naver.com/faq/content.help?faqId=4153)\n*   [예약구매 상품을 일괄 변경하고 싶어요.](https://help.sell.smartstore.naver.com/faq/content.help?faqId=4153)\n*   [예약구매 상품만 조회할 수 있나요?](https://help.sell.smartstore.naver.com/faq/content.help?faqId=4153)\n*   [상품 일괄수정(변경)은 어떻게 하나요?](https://help.sell.smartstore.naver.com/faq/content.help?faqId=4153)\n*   [라이브 특가 적용 중인 상품의 할인을 수정하면 어떻게 되나요?](https://help.sell.smartstore.naver.com/faq/content.help?faqId=4153)\n*   ['라이브 특가를 설정한 상품이 있는지 미리 확인하세요' 문구는 왜 뜨나요?](https://help.sell.smartstore.naver.com/faq/content.help?faqId=4153)\n*   [상품을 판매중지/전시중지로 변경이 가능한가요?](https://help.sell.smartstore.naver.com/faq/content.help?faqId=4153)\n*   [상품(옵션)의 재고수량이 많으나, 품절로 변경되었어요.](https://help.sell.smartstore.naver.com/faq/content.help?faqId=4153)\n*   [상품 상세페이지에 노출되는 '사용자 총 평점'는 어떤 기준으로 노출되나요?](https://help.sell.smartstore.naver.com/faq/content.help?faqId=4153)\n*   ['모바일 미리보기'가 안됩니다. 어떻게 해야하나요?](https://help.sell.smartstore.naver.com/faq/content.help?faqId=4153)\n*   [실수로 상품을 삭제했습니다. 복구 가능한가요?](https://help.sell.smartstore.naver.com/faq/content.help?faqId=4153)\n*   [모바일로 상품조회/수정 메뉴에서 확인되는 상품번호 클릭 시 상품페이지로 접속되지 않습니다.](https://help.sell.smartstore.naver.com/faq/content.help?faqId=4153)\n*   [판매기간 종료된 상품은 \"판매중\"으로 어떻게 변경하나요?](https://help.sell.smartstore.naver.com/faq/content.help?faqId=4153)\n*   [[풀필먼트] 풀필먼트 정보를 일괄로 변경 할 수 있나요?](https://help.sell.smartstore.naver.com/faq/content.help?faqId=4153)\n*   [[풀필먼트] 상품 목록에서 풀필먼트사는 무엇인가요?](https://help.sell.smartstore.naver.com/faq/content.help?faqId=4153)\n*   [[풀필먼트] 풀필먼트가 설정된 상품만 조회할 수 있나요?](https://help.sell.smartstore.naver.com/faq/content.help?faqId=4153)\n*   [최대할인가 목록에서 노출되는 쿠폰 기준은 어떻게 되나요?](https://help.sell.smartstore.naver.com/faq/content.help?faqId=4153)\n*   [상품상세가 HTML로 자동 변경되었습니다, 왜 그런건가요?](https://help.sell.smartstore.naver.com/faq/content.help?faqId=4153)\n*   [모바일 미리보기에서 등록한 영상 이미지가 노출되지 않습니다. 왜 그런가요?](https://help.sell.smartstore.naver.com/faq/content.help?faqId=4153)\n*   [디지털/가전으로 등록된 카테고리가 배송없음으로 등록/수정이 안돼요.](https://help.sell.smartstore.naver.com/faq/content.help?faqId=4153)\n*   [트래픽이 많이 발생할 수 있는 이벤트(마케팅 등)를 진행해도 문제가 없나요?](https://help.sell.smartstore.naver.com/faq/content.help?faqId=4153)\n*   [상품 일괄수정(변경) 시 '작업중 오류가 발생했습니다.' 메시지가 노출됩니다.](https://help.sell.smartstore.naver.com/faq/content.help?faqId=4153)\n*   [상품을 삭제하려고 하는데 진행되지 않습니다. 왜 그런가요?](https://help.sell.smartstore.naver.com/faq/content.help?faqId=4153)\n*   [[풀필먼트] 물류사에는 재고가 있는데 스마트스토어에는 품절로 보여요.](https://help.sell.smartstore.naver.com/faq/content.help?faqId=4153)\n*   [[풀필먼트] 풀필먼트 이용 시 반품/교환 수거도 물류사를 통해 진행되나요?](https://help.sell.smartstore.naver.com/faq/content.help?faqId=4153)\n*   [품절된 상품이나 주문이 발생하였습니다. 왜 그런가요?](https://help.sell.smartstore.naver.com/faq/content.help?faqId=4153)\n*   [모바일 미리보기없이 원본 그대로 노출하고 싶습니다.](https://help.sell.smartstore.naver.com/faq/content.help?faqId=4153)\n*   [등록한 상품이 네이버쇼핑 등록 Y(노출중단)으로 노출됩니다. 왜 그런가요?](https://help.sell.smartstore.naver.com/faq/content.help?faqId=4153)\n*   [상세 이미지가 다운로드되지 않도록 설정 가능한가요?](https://help.sell.smartstore.naver.com/faq/content.help?faqId=4153)\n*   [[그룹상품] '그룹 설정' 기능은 무엇인가요?](https://help.sell.smartstore.naver.com/faq/content.help?faqId=4153)\n*   [[그룹상품] 옵션이 존재하는 상품을 그룹설정할 경우, 어떤 것을 유의해야 하나요?](https://help.sell.smartstore.naver.com/faq/content.help?faqId=4153)\n*   [상품정보 제공고시 내 '제조국'을 입력하지 않았으나, 표기되고 있습니다. 왜 그런가요?](https://help.sell.smartstore.naver.com/faq/content.help?faqId=4153)\n*   [[그룹상품] 그룹상품 등록 이후 상품을 그룹에서 해제할 수 있나요?](https://help.sell.smartstore.naver.com/faq/content.help?faqId=4153)\n*   [상품 정보 변경 전 장바구니에 담은 후, 상품의 정보가 변동될 시 자동 반영 되나요?](https://help.sell.smartstore.naver.com/faq/content.help?faqId=4153)\n*   [상품 등록/수정 시 오늘출발로 배송유형을 선택하면 배송비 템플릿 추가할 수 없나요?](https://help.sell.smartstore.naver.com/faq/content.help?faqId=4153)\n*   [Npay에서 구매자에게 제공하는 구매적립 혜택에 대해 제외되는 카테고리가 있나요?](https://help.sell.smartstore.naver.com/faq/content.help?faqId=4153)\n*   [상품 상세페이지에 노출되는 'AI구매선호 분석'이 무엇인가요?](https://help.sell.smartstore.naver.com/faq/content.help?faqId=4153)\n*   [상품 상세페이지 내 'AI구매선호분석' 그래프를 노출 또는 미노출 시킬 수 있나요?](https://help.sell.smartstore.naver.com/faq/content.help?faqId=4153)\n*   [[그룹상품] 그룹 설정에서 AI 추천은 어떤 기능을 하나요?](https://help.sell.smartstore.naver.com/faq/content.help?faqId=4153)\n*   [[그룹상품] 기준 상품 선택은 무엇인가요?](https://help.sell.smartstore.naver.com/faq/content.help?faqId=4153)\n*   [[그룹상품] 기존 등록한 그룹에 상품을 추가할 수 있나요?](https://help.sell.smartstore.naver.com/faq/content.help?faqId=4153)\n*   [상품 등록 시 적용한 할인율과 다르게 노출됩니다. 왜 그런가요?](https://help.sell.smartstore.naver.com/faq/content.help?faqId=4153)\n*   [[그룹상품] 색상칩을 상품페이지에 노출시키거나, 노출되지 않도록 설정할 수 있나요?](https://help.sell.smartstore.naver.com/faq/content.help?faqId=4153)\n*   [[그룹상품] 어떤 상품을 그룹으로 설정할 수 있나요? (그룹 설정 가능 조건)](https://help.sell.smartstore.naver.com/faq/content.help?faqId=4153)\n*   [[그룹상품] 그룹상품으로 설정하면 기존에 등록되어 있던 리뷰는 어떻게 되나요?](https://help.sell.smartstore.naver.com/faq/content.help?faqId=4153)\n*   [상품의 전시상태가 \"수정\"으로 노출되는 건 왜 그런가요?](https://help.sell.smartstore.naver.com/faq/content.help?faqId=4153)\n*   [모바일 미리보기에서 등록한 이미지가 노출되지 않습니다. 왜 그런가요?](https://help.sell.smartstore.naver.com/faq/content.help?faqId=4153)\n*   [[그룹상품] 상품명, 부가세,공지사항 등 수정하려고 하나, 활성화되지 않습니다. 왜 그런가요?](https://help.sell.smartstore.naver.com/faq/content.help?faqId=4153)\n*   [[장바구니]버튼이 확인되지 않는 상품이 있습니다. 왜 그런가요?](https://help.sell.smartstore.naver.com/faq/content.help?faqId=4153)\n*   [SKU가 연결된 상품을 그룹설정 시 주의해야할 게 있나요?](https://help.sell.smartstore.naver.com/faq/content.help?faqId=4153)\n*   [자동가격관리 기능은 무엇인가요?](https://help.sell.smartstore.naver.com/faq/content.help?faqId=4153)\n*   [자동가격관리 설정 불가한 조건이 있나요?](https://help.sell.smartstore.naver.com/faq/content.help?faqId=4153)\n*   [자동가격관리 설정이 자동으로 해제되었어요. 왜 그런가요?](https://help.sell.smartstore.naver.com/faq/content.help?faqId=4153)\n*   [자동가격관리 대상 판매자/카테고리가 궁금합니다.](https://help.sell.smartstore.naver.com/faq/content.help?faqId=4153)\n*   [자동가격관리 설정 시 가격이 변경되지 않습니다. 왜 그런가요?](https://help.sell.smartstore.naver.com/faq/content.help?faqId=4153)\n*   [자동가격관리 설정 시 가격 정보는 배송비/쿠폰을 포함하나요?](https://help.sell.smartstore.naver.com/faq/content.help?faqId=4153)\n*   [자동가격관리 설정에서 배송비 기준은 무엇인가요?](https://help.sell.smartstore.naver.com/faq/content.help?faqId=4153)\n*   [자동가격관리 설정 > 변경 범위에서 '추천가' 기준은 무엇인가요?](https://help.sell.smartstore.naver.com/faq/content.help?faqId=4153)\n*   [자동가격관리 설정과 카탈로그 페이지 내 쿠폰 할인가 금액이 다릅니다. 왜 그런가요?](https://help.sell.smartstore.naver.com/faq/content.help?faqId=4153)\n*   [자동가격관리 설정 시 가격이 정상적으로 변경되지 않을 수 있나요?](https://help.sell.smartstore.naver.com/faq/content.help?faqId=4153)\n*   [자동가격관리 설정 후 상품 가격이 자동으로 변경되었는데, 카탈로그에 반영되지 않습니다. 왜 그런가요?](https://help.sell.smartstore.naver.com/faq/content.help?faqId=4153)\n*   [자동가격관리 설정 후 카탈로그 매칭 정보가 변경되면 어떻게 되나요?](https://help.sell.smartstore.naver.com/faq/content.help?faqId=4153)\n*   [[그룹상품] 그룹상품 등록 이후 판매옵션 정보를 수정할 수 있나요?](https://help.sell.smartstore.naver.com/faq/content.help?faqId=4153)\n*   [[그룹상품] 상품목록과 상품상세에서의 색상칩 개수가 다릅니다. 왜 그런가요?](https://help.sell.smartstore.naver.com/faq/content.help?faqId=4153)\n\n*   [이용약관](https://sell.smartstore.naver.com/#/terms/agreement \"새창\")\n*   [전자금융거래 이용약관](https://new-m.pay.naver.com/member/terms-policy/finance \"새창\")\n*   [**개인정보 처리방침**](http://mktg.naver.com/privacy/privacy.html \"새창\")\n*   [청소년 보호정책](http://www.naver.com/policy/youthpolicy.html \"새창\")\n*   [책임의 한계와 법적고지](http://smartstore.naver.com/main/rules/responsibility \"팝업\")\n*   [안전거래가이드](http://ips.smartstore.naver.com/main/rules/safety \"새창\")\n*   [고객센터](https://help.sell.smartstore.naver.com/)\n\n네이버㈜는 결제정보의 중개서비스 또는 통신판매중개시스템의 제공자로서, 통신판매의 당사자가 아니며, 상품의 주문, 배송 및 환불 등과 관련한 의무와 책임은 각 판매자에게 있습니다.\n\n또한 판매자와 구매자간의 직거래에 대하여 당사는 관여하지 않기 때문에 거래에 대해서는 책임을 지지 않습니다.\n\n*   사업자등록번호 : 220-81-62517\n*   통신판매업신고번호 : 제2006-경기성남-0692호\n*   대표이사 : 최수연\n*   [사업자정보확인](https://www.ftc.go.kr/bizCommPop.do?wrkr_no=2208162517 \"새창\")\n*   주소 : 경기도 성남시 분당구 정자일로 95, NAVER 1784 (13561)\n*   전화 : 1588-3819\n*   이메일 : [helpcustomer@naver.com](mailto:helpcustomer@naver.com)\n*   [1:1문의](https://help.sell.smartstore.naver.com/mail/form.help)\n\n[NAVER](http://www.navercorp.com/ko/index.nhn \"새창\")\n\nCopyright © [**NAVER Corp.**](http://www.navercorp.com/ko/index.nhn \"새창\") All rights reserved."
      },
      {
        "platform": "naver",
        "title": "고객센터 - 스마트스토어",
        "url": "https://help.sell.smartstore.naver.com/faq/content.help?faqId=5417",
        "snippet": "스마트스토어 고객센터\n\nNAVER스마트스토어센터\n\n로그인\n\n궁금할 땐 톡톡상담하세요!\n\n톡톡상담\n\n   홈\n       홈\n\n   회원가입\n       신규 회원가입\n       초대로 회원가입\n       아이디/비밀번호 찾기\n       탈퇴/재가입\n       네이버 쇼핑 입점\n       2단계 인증\n\n   상품관리\n       그룹상품 리뷰이동\n       그룹상품 노출 관리\n       상품 조회/수정\n       상품 등록\n       상품 일괄등록\n       카탈로그 가격관리\n       연관상품 관리\n       사진 보관함\n       배송정보 관리\n       템플릿 관리\n       공지사항 관리\n       상품정보 검색품질(SEO)\n       구독 관리\n       상품명 마스터\n       등록 정보 검토\n       검색 순위 진단 [...] [[쇼핑윈도 전용] 쇼핑윈도 상품들이 많은데 상품정보/조회 수정 메뉴에서 확인되지 않아요.](\n   즉시할인 일괄설정/해제는 어떻게 하나요?\n   PC에서는 공지사항이 노출되나 모바일에서는 노출되지 않아요.\n   상세이미지를 변경하였으나 모바일(휴대폰)에서는 변경 전 이미지로 노출돼요.\n   상품등록 후 대카테고리 수정이 가능한가요?\n   상품목록에서 엑셀다운로드 시 파일이 정상적으로 열리지 않아요.(깨짐 현상)\n   연결완료된 카탈로그가 내 상품과 맞지 않아요.\n   옵션/추가상품 판매 중 일부가 품절되었습니다. '품절'처리는 어떻게 하나요?\n   네이버쇼핑 검색결과 내 쇼핑몰 명 하단 '적립/쿠폰/할인'문구가 노출되길 원해요.\n   네이버쇼핑에 노출되는 제조사/브랜드명이 입력한 정보와 상이하게 노출돼요.\n   상품 상세페이지의 배송기간(리드타임) 노출 기준이 어떻게 되나요?\n   상품명을 바꿔도 수정되지 않아요. [...] 문의/리뷰관리\n       문의 관리\n       고객문의 관리\n       리뷰 관리\n       리뷰이벤트 관리\n       상품상세 블로그글 노출\n       톡톡 상담하기\n       톡톡 쇼핑챗봇/AI FAQ 설정\n\n   스토어관리\n       스마트스토어\n       카테고리 관리\n       쇼핑스토리 관리\n       쇼핑라이브 숏클립 등록\n       기본정보 관리\n       API 관리\n       SNS 설정\n       쇼핑윈도 노출 신청\n       네이버 서비스 연결\n       가격비교 서비스 연결\n\n   혜택/마케팅\n       혜택 등록\n       혜택 조회/수정\n       혜택 리포트\n       포인트 지급관리\n       포인트 지급내역 조회\n       고객등급 관리\n       마케팅 보내기\n       마케팅 이력\n       마케팅 통계\n       AI 마케팅 효과분석\n       마케팅 링크 관리",
        "score": 0.04891691,
        "timestamp": "2025-11-29T02:23:20.952666",
        "raw_content": "스마트스토어 고객센터\n\n===============\n\n[NAVER](http://www.naver.com/ \"NAVER\")[스마트스토어센터](https://sell.smartstore.naver.com/ \"스마트스토어센터\")\n===============================================================================================\n\n[로그인](https://help.sell.smartstore.naver.com/faq/content.help?faqId=5417#)\n\n궁금할 땐 톡톡상담하세요!\n\n[톡톡상담](https://help.sell.smartstore.naver.com/faq/content.help?faqId=5417#)\n\n*   [홈](https://help.sell.smartstore.naver.com/faq/content.help?faqId=5417)\n    *   [홈](https://help.sell.smartstore.naver.com/faq/list.help?categoryId=11082)\n\n*   [회원가입](https://help.sell.smartstore.naver.com/faq/content.help?faqId=5417)\n    *   [신규 회원가입](https://help.sell.smartstore.naver.com/faq/list.help?categoryId=535)\n    *   [초대로 회원가입](https://help.sell.smartstore.naver.com/faq/list.help?categoryId=536)\n    *   [아이디/비밀번호 찾기](https://help.sell.smartstore.naver.com/faq/list.help?categoryId=537)\n    *   [탈퇴/재가입](https://help.sell.smartstore.naver.com/faq/list.help?categoryId=538)\n    *   [네이버 쇼핑 입점](https://help.sell.smartstore.naver.com/faq/list.help?categoryId=539)\n    *   [2단계 인증](https://help.sell.smartstore.naver.com/faq/list.help?categoryId=924)\n\n*   [상품관리](https://help.sell.smartstore.naver.com/faq/content.help?faqId=5417)\n    *   [그룹상품 리뷰이동](https://help.sell.smartstore.naver.com/faq/list.help?categoryId=11086)\n    *   [그룹상품 노출 관리](https://help.sell.smartstore.naver.com/faq/list.help?categoryId=11126)\n    *   [상품 조회/수정](https://help.sell.smartstore.naver.com/faq/list.help?categoryId=540)\n    *   [상품 등록](https://help.sell.smartstore.naver.com/faq/list.help?categoryId=541)\n    *   [상품 일괄등록](https://help.sell.smartstore.naver.com/faq/list.help?categoryId=542)\n    *   [카탈로그 가격관리](https://help.sell.smartstore.naver.com/faq/list.help?categoryId=848)\n    *   [연관상품 관리](https://help.sell.smartstore.naver.com/faq/list.help?categoryId=649)\n    *   [사진 보관함](https://help.sell.smartstore.naver.com/faq/list.help?categoryId=543)\n    *   [배송정보 관리](https://help.sell.smartstore.naver.com/faq/list.help?categoryId=544)\n    *   [템플릿 관리](https://help.sell.smartstore.naver.com/faq/list.help?categoryId=545)\n    *   [공지사항 관리](https://help.sell.smartstore.naver.com/faq/list.help?categoryId=546)\n    *   [상품정보 검색품질(SEO)](https://help.sell.smartstore.naver.com/faq/list.help?categoryId=811)\n    *   [구독 관리](https://help.sell.smartstore.naver.com/faq/list.help?categoryId=1006)\n    *   [상품명 마스터](https://help.sell.smartstore.naver.com/faq/list.help?categoryId=10931)\n    *   [등록 정보 검토](https://help.sell.smartstore.naver.com/faq/list.help?categoryId=11139)\n    *   [검색 순위 진단](https://help.sell.smartstore.naver.com/faq/list.help?categoryId=11140)\n\n*   [쇼핑윈도관리](https://help.sell.smartstore.naver.com/faq/content.help?faqId=5417)\n    *   [쇼핑윈도 상품 조회/수정](https://help.sell.smartstore.naver.com/faq/list.help?categoryId=547)\n    *   [쇼핑윈도 상품 불러오기](https://help.sell.smartstore.naver.com/faq/list.help?categoryId=548)\n    *   [쇼핑윈도 소식 관리](https://help.sell.smartstore.naver.com/faq/list.help?categoryId=549)\n    *   [쇼핑윈도 스토어 관리](https://help.sell.smartstore.naver.com/faq/list.help?categoryId=551)\n\n*   [판매관리](https://help.sell.smartstore.naver.com/faq/content.help?faqId=5417)\n    *   [주문통합검색](https://help.sell.smartstore.naver.com/faq/list.help?categoryId=791)\n    *   [선물 수락대기](https://help.sell.smartstore.naver.com/faq/list.help?categoryId=558)\n    *   [미결제확인](https://help.sell.smartstore.naver.com/faq/list.help?categoryId=559)\n    *   [발주(주문)확인/발송관리](https://help.sell.smartstore.naver.com/faq/list.help?categoryId=560)\n    *   [배송현황 관리](https://help.sell.smartstore.naver.com/faq/list.help?categoryId=561)\n    *   [구매확정 내역](https://help.sell.smartstore.naver.com/faq/list.help?categoryId=562)\n    *   [취소 관리](https://help.sell.smartstore.naver.com/faq/list.help?categoryId=563)\n    *   [반품 관리](https://help.sell.smartstore.naver.com/faq/list.help?categoryId=564)\n    *   [교환 관리](https://help.sell.smartstore.naver.com/faq/list.help?categoryId=565)\n    *   [판매방해 고객관리](https://help.sell.smartstore.naver.com/faq/list.help?categoryId=837)\n    *   [반품안심케어](https://help.sell.smartstore.naver.com/faq/list.help?categoryId=10776)\n\n*   [정산관리](https://help.sell.smartstore.naver.com/faq/content.help?faqId=5417)\n    *   [정산 내역 (일별/건별)](https://help.sell.smartstore.naver.com/faq/list.help?categoryId=566)\n    *   [항목별 정산 내역](https://help.sell.smartstore.naver.com/faq/list.help?categoryId=567)\n    *   [빠른정산](https://help.sell.smartstore.naver.com/faq/list.help?categoryId=932)\n    *   [부가세신고 내역](https://help.sell.smartstore.naver.com/faq/list.help?categoryId=568)\n    *   [세금계산서 조회](https://help.sell.smartstore.naver.com/faq/list.help?categoryId=569)\n    *   [비즈월렛 관리](https://help.sell.smartstore.naver.com/faq/list.help?categoryId=570)\n    *   [통합 정산내역](https://help.sell.smartstore.naver.com/faq/list.help?categoryId=571)\n    *   [중소상공인수수료전반](https://help.sell.smartstore.naver.com/faq/list.help?categoryId=840)\n    *   [초보판매자 정산가이드](https://help.sell.smartstore.naver.com/faq/list.help?categoryId=10809)\n    *   [우대수수료 환급내역](https://help.sell.smartstore.naver.com/faq/list.help?categoryId=10867)\n    *   [매출연동수수료](https://help.sell.smartstore.naver.com/faq/list.help?categoryId=11033)\n\n*   [문의/리뷰관리](https://help.sell.smartstore.naver.com/faq/content.help?faqId=5417)\n    *   [문의 관리](https://help.sell.smartstore.naver.com/faq/list.help?categoryId=574)\n    *   [고객문의 관리](https://help.sell.smartstore.naver.com/faq/list.help?categoryId=575)\n    *   [리뷰 관리](https://help.sell.smartstore.naver.com/faq/list.help?categoryId=576)\n    *   [리뷰이벤트 관리](https://help.sell.smartstore.naver.com/faq/list.help?categoryId=857)\n    *   [상품상세 블로그글 노출](https://help.sell.smartstore.naver.com/faq/list.help?categoryId=10953)\n    *   [톡톡 상담하기](https://help.sell.smartstore.naver.com/faq/list.help?categoryId=10763)\n    *   [톡톡 쇼핑챗봇/AI FAQ 설정](https://help.sell.smartstore.naver.com/faq/list.help?categoryId=10764)\n\n*   [스토어관리](https://help.sell.smartstore.naver.com/faq/content.help?faqId=5417)\n    *   [스마트스토어](https://help.sell.smartstore.naver.com/faq/list.help?categoryId=577)\n    *   [카테고리 관리](https://help.sell.smartstore.naver.com/faq/list.help?categoryId=579)\n    *   [쇼핑스토리 관리](https://help.sell.smartstore.naver.com/faq/list.help?categoryId=652)\n    *   [쇼핑라이브 숏클립 등록](https://help.sell.smartstore.naver.com/faq/list.help?categoryId=10731)\n    *   [기본정보 관리](https://help.sell.smartstore.naver.com/faq/list.help?categoryId=580)\n    *   [API 관리](https://help.sell.smartstore.naver.com/faq/list.help?categoryId=10954)\n    *   [SNS 설정](https://help.sell.smartstore.naver.com/faq/list.help?categoryId=10965)\n    *   [쇼핑윈도 노출 신청](https://help.sell.smartstore.naver.com/faq/list.help?categoryId=844)\n    *   [네이버 서비스 연결](https://help.sell.smartstore.naver.com/faq/list.help?categoryId=847)\n    *   [가격비교 서비스 연결](https://help.sell.smartstore.naver.com/faq/list.help?categoryId=10967)\n\n*   [혜택/마케팅](https://help.sell.smartstore.naver.com/faq/content.help?faqId=5417)\n    *   [혜택 등록](https://help.sell.smartstore.naver.com/faq/list.help?categoryId=608)\n    *   [혜택 조회/수정](https://help.sell.smartstore.naver.com/faq/list.help?categoryId=663)\n    *   [혜택 리포트](https://help.sell.smartstore.naver.com/faq/list.help?categoryId=609)\n    *   [포인트 지급관리](https://help.sell.smartstore.naver.com/faq/list.help?categoryId=10864)\n    *   [포인트 지급내역 조회](https://help.sell.smartstore.naver.com/faq/list.help?categoryId=799)\n    *   [고객등급 관리](https://help.sell.smartstore.naver.com/faq/list.help?categoryId=819)\n    *   [마케팅 보내기](https://help.sell.smartstore.naver.com/faq/list.help?categoryId=918)\n    *   [마케팅 이력](https://help.sell.smartstore.naver.com/faq/list.help?categoryId=919)\n    *   [마케팅 통계](https://help.sell.smartstore.naver.com/faq/list.help?categoryId=10728)\n    *   [AI 마케팅 효과분석](https://help.sell.smartstore.naver.com/faq/list.help?categoryId=10907)\n    *   [마케팅 링크 관리](https://help.sell.smartstore.naver.com/faq/list.help?categoryId=11058)\n\n*   [브랜드 혜택/마케팅](https://help.sell.smartstore.naver.com/faq/content.help?faqId=5417)\n    *   [고객군 마케팅](https://help.sell.smartstore.naver.com/faq/list.help?categoryId=10928)\n    *   [타겟팅 성과분석](https://help.sell.smartstore.naver.com/faq/list.help?categoryId=10929)\n    *   [라운지 노출 관리](https://help.sell.smartstore.naver.com/faq/list.help?categoryId=10877)\n    *   [라운지 가입 관리](https://help.sell.smartstore.naver.com/faq/list.help?categoryId=10878)\n    *   [추가 수집 항목 관리](https://help.sell.smartstore.naver.com/faq/list.help?categoryId=10879)\n    *   [라운지 멤버 관리](https://help.sell.smartstore.naver.com/faq/list.help?categoryId=10880)\n    *   [라운지 스토리 관리](https://help.sell.smartstore.naver.com/faq/list.help?categoryId=10881)\n    *   [라운지 통계](https://help.sell.smartstore.naver.com/faq/list.help?categoryId=10993)\n\n*   [커머스솔루션](https://help.sell.smartstore.naver.com/faq/content.help?faqId=5417)\n    *   [솔루션 목록](https://help.sell.smartstore.naver.com/faq/list.help?categoryId=10768)\n    *   [소비자조사](https://help.sell.smartstore.naver.com/faq/list.help?categoryId=10900)\n    *   [Quick 모니터링 관리](https://help.sell.smartstore.naver.com/faq/list.help?categoryId=10902)\n    *   [쇼핑 커넥트](https://help.sell.smartstore.naver.com/faq/list.help?categoryId=11057)\n\n*   [데이터 분석](https://help.sell.smartstore.naver.com/faq/content.help?faqId=5417)\n    *   [프로모션 진단](https://help.sell.smartstore.naver.com/faq/list.help?categoryId=11127)\n    *   [스토어분석](https://help.sell.smartstore.naver.com/faq/list.help?categoryId=11083)\n    *   [요약](https://help.sell.smartstore.naver.com/faq/list.help?categoryId=806)\n    *   [판매분석](https://help.sell.smartstore.naver.com/faq/list.help?categoryId=807)\n    *   [마케팅분석](https://help.sell.smartstore.naver.com/faq/list.help?categoryId=808)\n    *   [쇼핑행동분석](https://help.sell.smartstore.naver.com/faq/list.help?categoryId=809)\n    *   [시장벤치마크](https://help.sell.smartstore.naver.com/faq/list.help?categoryId=810)\n    *   [판매성과예측](https://help.sell.smartstore.naver.com/faq/list.help?categoryId=871)\n    *   [고객현황](https://help.sell.smartstore.naver.com/faq/list.help?categoryId=627)\n    *   [재구매 통계](https://help.sell.smartstore.naver.com/faq/list.help?categoryId=800)\n\n*   [광고관리](https://help.sell.smartstore.naver.com/faq/content.help?faqId=5417)\n    *   [쇼핑버티컬광고](https://help.sell.smartstore.naver.com/faq/list.help?categoryId=10946)\n    *   [CRM 마케팅 타겟 광고](https://help.sell.smartstore.naver.com/faq/list.help?categoryId=11024)\n\n*   [프로모션 관리](https://help.sell.smartstore.naver.com/faq/content.help?faqId=5417)\n    *   [기획전 관리](https://help.sell.smartstore.naver.com/faq/list.help?categoryId=845)\n    *   [참여형 프로모션 관리](https://help.sell.smartstore.naver.com/faq/list.help?categoryId=11061)\n    *   [미스터](https://help.sell.smartstore.naver.com/faq/list.help?categoryId=927)\n\n*   [N배송 관리](https://help.sell.smartstore.naver.com/faq/content.help?faqId=5417)\n    *   [N배송 프로그램](https://help.sell.smartstore.naver.com/faq/list.help?categoryId=10834)\n    *   [N배송 신청하기](https://help.sell.smartstore.naver.com/faq/list.help?categoryId=1005)\n    *   [N배송 재고관리](https://help.sell.smartstore.naver.com/faq/list.help?categoryId=11054)\n    *   [N배송 입고관리](https://help.sell.smartstore.naver.com/faq/list.help?categoryId=11116)\n    *   [N배송 리포트관리](https://help.sell.smartstore.naver.com/faq/list.help?categoryId=11102)\n    *   [물류비 청구내역](https://help.sell.smartstore.naver.com/faq/list.help?categoryId=11103)\n    *   [풀필먼트 주문 조회](https://help.sell.smartstore.naver.com/faq/list.help?categoryId=10942)\n    *   [N판매자배송 신청](https://help.sell.smartstore.naver.com/faq/list.help?categoryId=10986)\n    *   [N판매자배송 운영](https://help.sell.smartstore.naver.com/faq/list.help?categoryId=10985)\n    *   [판매자 창고 운영](https://help.sell.smartstore.naver.com/faq/list.help?categoryId=10944)\n\n*   [판매자 정보](https://help.sell.smartstore.naver.com/faq/content.help?faqId=5417)\n    *   [내정보](https://help.sell.smartstore.naver.com/faq/list.help?categoryId=581)\n    *   [판매자 정보](https://help.sell.smartstore.naver.com/faq/list.help?categoryId=582)\n    *   [매니저 관리](https://help.sell.smartstore.naver.com/faq/list.help?categoryId=10727)\n    *   [판매자 등급](https://help.sell.smartstore.naver.com/faq/list.help?categoryId=611)\n    *   [정보 변경 신청](https://help.sell.smartstore.naver.com/faq/list.help?categoryId=583)\n    *   [양도양수](https://help.sell.smartstore.naver.com/faq/list.help?categoryId=922)\n    *   [사업자 전환](https://help.sell.smartstore.naver.com/faq/list.help?categoryId=584)\n    *   [상품판매권한 신청](https://help.sell.smartstore.naver.com/faq/list.help?categoryId=855)\n    *   [고객확인제도](https://help.sell.smartstore.naver.com/faq/list.help?categoryId=923)\n    *   [심사내역 조회](https://help.sell.smartstore.naver.com/faq/list.help?categoryId=10726)\n    *   [판매자 지원 프로그램](https://help.sell.smartstore.naver.com/faq/list.help?categoryId=10711)\n    *   [성장 마일리지](https://help.sell.smartstore.naver.com/faq/list.help?categoryId=11091)\n    *   [굿서비스 점수](https://help.sell.smartstore.naver.com/faq/list.help?categoryId=11125)\n\n*   [공지사항](https://help.sell.smartstore.naver.com/faq/content.help?faqId=5417)\n    *   [공지사항](https://help.sell.smartstore.naver.com/faq/list.help?categoryId=10730)\n\n*   [공통/기타](https://help.sell.smartstore.naver.com/faq/content.help?faqId=5417)\n    *   [판매자센터 기본 이용방법](https://help.sell.smartstore.naver.com/faq/list.help?categoryId=586)\n    *   [스마트스토어센터 알림](https://help.sell.smartstore.naver.com/faq/list.help?categoryId=868)\n    *   [쇼핑라이브](https://help.sell.smartstore.naver.com/faq/list.help?categoryId=883)\n    *   [사장님 보험](https://help.sell.smartstore.naver.com/faq/list.help?categoryId=933)\n    *   [스마트스토어 사업자 대출](https://help.sell.smartstore.naver.com/faq/list.help?categoryId=934)\n    *   [사업자대출 대출안심케어](https://help.sell.smartstore.naver.com/faq/list.help?categoryId=989)\n    *   [정책지원금](https://help.sell.smartstore.naver.com/faq/list.help?categoryId=10769)\n    *   [스마트플레이스 사업자 대출](https://help.sell.smartstore.naver.com/faq/list.help?categoryId=10782)\n    *   [커머스API센터](https://help.sell.smartstore.naver.com/faq/list.help?categoryId=10783)\n    *   [네이버페이 마이비즈](https://help.sell.smartstore.naver.com/faq/list.help?categoryId=10787)\n    *   [스마트스토어 보증서 대출](https://help.sell.smartstore.naver.com/faq/list.help?categoryId=10909)\n    *   [API데이터솔루션(통계)](https://help.sell.smartstore.naver.com/faq/list.help?categoryId=10943)\n    *   [안전거래 정책](https://help.sell.smartstore.naver.com/faq/list.help?categoryId=10979)\n\n*   [1:1 문의하기](https://help.sell.smartstore.naver.com/mail/form.help)\n*   [1:1 문의내역](https://help.sell.smartstore.naver.com/mail/history.help)\n*   [신고하기](https://help.sell.smartstore.naver.com/mail/form.help?alias=shopn_accuse)\n*   [원격지원서비스](http://61.247.209.91/users/main/join.html)\n\n[스마트스토어센터 _사용자 매뉴얼_](https://sell.smartstore.naver.com/#/center-notice/list/MANUAL)\n\n[좌측 내비게이션 숨기기](https://help.sell.smartstore.naver.com/faq/content.help?faqId=5417#)\n\n고객센터\n----\n\n**FAQ**\n\n[전체](https://help.sell.smartstore.naver.com/faq/content.help?faqId=5417)\n*   [전체](https://help.sell.smartstore.naver.com/faq/content.help?faqId=5417)\n*   [홈](https://help.sell.smartstore.naver.com/faq/content.help?faqId=5417)\n*   [회원가입](https://help.sell.smartstore.naver.com/faq/content.help?faqId=5417)\n*   [상품관리](https://help.sell.smartstore.naver.com/faq/content.help?faqId=5417)\n*   [쇼핑윈도관리](https://help.sell.smartstore.naver.com/faq/content.help?faqId=5417)\n*   [판매관리](https://help.sell.smartstore.naver.com/faq/content.help?faqId=5417)\n*   [정산관리](https://help.sell.smartstore.naver.com/faq/content.help?faqId=5417)\n*   [문의/리뷰관리](https://help.sell.smartstore.naver.com/faq/content.help?faqId=5417)\n*   [스토어관리](https://help.sell.smartstore.naver.com/faq/content.help?faqId=5417)\n*   [혜택/마케팅](https://help.sell.smartstore.naver.com/faq/content.help?faqId=5417)\n*   [브랜드 혜택/마케팅](https://help.sell.smartstore.naver.com/faq/content.help?faqId=5417)\n*   [커머스솔루션](https://help.sell.smartstore.naver.com/faq/content.help?faqId=5417)\n*   [데이터 분석](https://help.sell.smartstore.naver.com/faq/content.help?faqId=5417)\n*   [광고관리](https://help.sell.smartstore.naver.com/faq/content.help?faqId=5417)\n*   [프로모션 관리](https://help.sell.smartstore.naver.com/faq/content.help?faqId=5417)\n*   [N배송 관리](https://help.sell.smartstore.naver.com/faq/content.help?faqId=5417)\n*   [판매자 정보](https://help.sell.smartstore.naver.com/faq/content.help?faqId=5417)\n*   [공지사항](https://help.sell.smartstore.naver.com/faq/content.help?faqId=5417)\n*   [공통/기타](https://help.sell.smartstore.naver.com/faq/content.help?faqId=5417)\n\n검색어 입력 0/100\n\n[검색](https://help.sell.smartstore.naver.com/faq/content.help?faqId=5417#)\n\n자동완성 켜기 자동완성 끄기 닫기\n\n*   [자주 묻는 질문](https://help.sell.smartstore.naver.com/faq/content.help?faqId=5417#)\n*   [★ 메뉴 활용 방법](https://help.sell.smartstore.naver.com/faq/content.help?faqId=5417#)\n*   [2단계 인증](https://help.sell.smartstore.naver.com/faq/content.help?faqId=5417#)\n*   [가입 절차](https://help.sell.smartstore.naver.com/faq/content.help?faqId=5417#)\n*   [고객확인제도](https://help.sell.smartstore.naver.com/faq/content.help?faqId=5417#)\n*   [수수료의 종류](https://help.sell.smartstore.naver.com/faq/content.help?faqId=5417#)\n*   [상품등록](https://help.sell.smartstore.naver.com/faq/content.help?faqId=5417#)\n*   [발송처리](https://help.sell.smartstore.naver.com/faq/content.help?faqId=5417#)\n*   [자동 구매확정](https://help.sell.smartstore.naver.com/faq/content.help?faqId=5417#)\n*   [부가세신고](https://help.sell.smartstore.naver.com/faq/content.help?faqId=5417#)\n\n### 상품 조회/수정\n\n*   [★ 상품 조회/수정 메뉴 활용방법](https://help.sell.smartstore.naver.com/faq/content.help?faqId=5417)\n*   [★ 그룹상품 조회/수정 메뉴 활용방법](https://help.sell.smartstore.naver.com/faq/content.help?faqId=5417)\n*   [★ '상품 조회/수정' 관련 자주 묻는 질문](https://help.sell.smartstore.naver.com/faq/content.help?faqId=5417)\n*   [상품조회/수정 메뉴에서 내가 등록한 상품이 조회되지 않아요.](https://help.sell.smartstore.naver.com/faq/content.help?faqId=5417)\n*   [내가 등록한 상품을 어떻게 확인할 수 있나요?](https://help.sell.smartstore.naver.com/faq/content.help?faqId=5417)\n*   [이미 등록한 상품을 수정하고 싶어요.](https://help.sell.smartstore.naver.com/faq/content.help?faqId=5417)\n*   [[쇼핑윈도 전용] 쇼핑윈도에 노출되는 상품만 조회하고 싶어요.](https://help.sell.smartstore.naver.com/faq/content.help?faqId=5417)\n*   [등록된 상품의 정보를 엑셀로 다운로드 받고 싶어요.](https://help.sell.smartstore.naver.com/faq/content.help?faqId=5417)\n*   [[쇼핑윈도 전용] \"쇼핑윈도의 경우에는 전시상태를 직접 변경하실 수 없습니다\"는 무슨 의미인가요?](https://help.sell.smartstore.naver.com/faq/content.help?faqId=5417)\n*   [[쇼핑윈도 전용] 윈도서비스 페이지에 상품이 노출되지 않아요. 왜 그런가요?](https://help.sell.smartstore.naver.com/faq/content.help?faqId=5417)\n*   [모바일 환경에서 추가구성 상품을 등록/수정 가능한가요?](https://help.sell.smartstore.naver.com/faq/content.help?faqId=5417)\n*   [상품의 옵션은 몇 개까지 등록 가능한가요?](https://help.sell.smartstore.naver.com/faq/content.help?faqId=5417)\n*   [[쇼핑윈도 전용] 쇼핑윈도 상품 불러오기로 등록 후 상품 수정은 어떻게 하나요?](https://help.sell.smartstore.naver.com/faq/content.help?faqId=5417)\n*   [[쇼핑윈도 전용] 쇼핑윈도 상품들이 많은데 상품정보/조회 수정 메뉴에서 확인되지 않아요.](https://help.sell.smartstore.naver.com/faq/content.help?faqId=5417)\n*   [즉시할인 일괄설정/해제는 어떻게 하나요?](https://help.sell.smartstore.naver.com/faq/content.help?faqId=5417)\n*   [PC에서는 공지사항이 노출되나 모바일에서는 노출되지 않아요.](https://help.sell.smartstore.naver.com/faq/content.help?faqId=5417)\n*   [상세이미지를 변경하였으나 모바일(휴대폰)에서는 변경 전 이미지로 노출돼요.](https://help.sell.smartstore.naver.com/faq/content.help?faqId=5417)\n*   [상품등록 후 대카테고리 수정이 가능한가요?](https://help.sell.smartstore.naver.com/faq/content.help?faqId=5417)\n*   [상품목록에서 엑셀다운로드 시 파일이 정상적으로 열리지 않아요.(깨짐 현상)](https://help.sell.smartstore.naver.com/faq/content.help?faqId=5417)\n*   [연결완료된 카탈로그가 내 상품과 맞지 않아요.](https://help.sell.smartstore.naver.com/faq/content.help?faqId=5417)\n*   [옵션/추가상품 판매 중 일부가 품절되었습니다. '품절'처리는 어떻게 하나요?](https://help.sell.smartstore.naver.com/faq/content.help?faqId=5417)\n*   [네이버쇼핑 검색결과 내 쇼핑몰 명 하단 '적립/쿠폰/할인'문구가 노출되길 원해요.](https://help.sell.smartstore.naver.com/faq/content.help?faqId=5417)\n*   [네이버쇼핑에 노출되는 제조사/브랜드명이 입력한 정보와 상이하게 노출돼요.](https://help.sell.smartstore.naver.com/faq/content.help?faqId=5417)\n*   [상품 상세페이지의 배송기간(리드타임) 노출 기준이 어떻게 되나요?](https://help.sell.smartstore.naver.com/faq/content.help?faqId=5417)\n*   [상품명을 바꿔도 수정되지 않아요.](https://help.sell.smartstore.naver.com/faq/content.help?faqId=5417)\n*   [판매 진행 중인 전체 상품을 오늘출발 가능한 상품으로 일괄 변경하고 싶어요.](https://help.sell.smartstore.naver.com/faq/content.help?faqId=5417)\n*   [오늘출발로 설정한 상품을 일괄 조회하고 싶어요.](https://help.sell.smartstore.naver.com/faq/content.help?faqId=5417)\n*   [이미 등록된 상품을 맞춤제작 상품으로 일괄 변경하고 싶어요.](https://help.sell.smartstore.naver.com/faq/content.help?faqId=5417)\n*   [맞춤제작 상품은 어떻게 구분할 수 있나요?](https://help.sell.smartstore.naver.com/faq/content.help?faqId=5417)\n*   [모바일 상세페이지 확인 시 빠른 이미지 노출을 위한 권장사항이 있을까요?](https://help.sell.smartstore.naver.com/faq/content.help?faqId=5417)\n*   [상품 상세페이지의 배송 시뮬레이터는 어떻게 노출하나요?](https://help.sell.smartstore.naver.com/faq/content.help?faqId=5417)\n*   [판매중인 상품의 배송정보를 일괄로 수정 하고 싶어요.](https://help.sell.smartstore.naver.com/faq/content.help?faqId=5417)\n*   [예약구매 상품을 일괄 변경하고 싶어요.](https://help.sell.smartstore.naver.com/faq/content.help?faqId=5417)\n*   [예약구매 상품만 조회할 수 있나요?](https://help.sell.smartstore.naver.com/faq/content.help?faqId=5417)\n*   [상품 일괄수정(변경)은 어떻게 하나요?](https://help.sell.smartstore.naver.com/faq/content.help?faqId=5417)[상품관리 >[**상품 조회/수정**](https://sell.smartstore.naver.com/#/products/origin-list)] 메뉴의 '일괄변경' 항목에서 수정 가능합니다.\n\n**상품 일괄 수정(변경) 방법**\n\n1. [상품관리 >[**상품 조회/수정**](https://sell.smartstore.naver.com/#/products/origin-list)[](https://sell.smartstore.naver.com/#/products/origin-list)] 메뉴에서 변경할 상품을 검색해 주세요.\n\n2. 상품목록에서 변경할 상품을 선택해 주세요.\n\n3. 상품목록 상단의 노출되는 일부 항목에 대해서만 상품 일괄 변경(수정)이 가능합니다.\n\n![Image 1: edit](https://help.sell.smartstore.naver.com/fpsfiles/202003/1583212033225012.png)\n\n**! 주의.**\n\n· 간편 옵션이 등록된 상품은 일괄 수정 불가합니다.\n\n**※참고.**\n\n·상품 일괄 수정(변경)은 [상품관리 > 상품 조회/수정] 메뉴에서 상품 목록 상단에 노출되는 일부 항목에 한해서만 가능합니다.\n\n└ 상품 일괄 수정(변경) 가능 항목 : 판매변경, 전시변경, 즉시할인 설정, 판매가 변경, 판매기간 변경, 배송변경, 일괄변경\n\n·\"일괄변경\" 버튼을 통해 한번에 수정 가능한 항목은 다음과 같습니다.\n\n└ 이벤트문구, 구매/혜택, 구매수량제한, 상품정보제공고시, 원산지,a/s 특이사항,브랜드/제조사, 가격비교사이트설정, 모바일 미리보기 생성, 구독 설정\n\n· 그 외 정보(옵션, 추가상품. 상품 주요정보 등)를 일괄 변경하고 싶을 경우 '엑셀 일괄작업'을 클릭하여 수정양식 다운 후, 입력한 파일을 다시 업로드할 수 있습니다.\n\n· 엑셀일괄 수정은 쇼핑윈도 상품을 제외한 스마트스토어 상품만 다운로드 가능하며, 한번에 최대 500개까지 업로드할 수 있습니다.\n\n· 엑셀 일괄 수정 시 브랜드명을 변경하지 않았어도, 기설정된 브랜드 ID가 삭제되어 반영됩니다.(카탈로그 ID는 삭제되지 않음)\n\n만약 브랜드 ID를 추가 등록 해야한다면 [상품관리 >상품 조회/수정] 메뉴에서 상품마다 개별 등록이 필요합니다. (브랜드ID가 삭제되어도 쇼핑검색에 영향을 주지는 않습니다.)\n\n![Image 2: %EC%83%81%ED%92%88%EC%9D%BC%EA%B4%84%EC%88%98%EC%A0%95](https://help.sell.smartstore.naver.com/fpsfiles/ko/202303/cc3ded8e-8a81-4f4b-a25e-f948e90a2784.png)\n\n위 도움말이 도움이 되었나요?\n\n- [x] 별점1점 - [x] 별점2점 - [x] 별점3점 - [x] 별점4점 - [x] 별점5점   도움말에 대한 소중한 의견은 서비스 개선에 큰 도움이 됩니다. 만약, 궁금하신 내용이 있다면 고객센터로 문의주시면 친절히 안내해 드리겠습니다.보내기  [도움말 닫기](https://help.sell.smartstore.naver.com/faq/content.help?faqId=5417)  \n*   [라이브 특가 적용 중인 상품의 할인을 수정하면 어떻게 되나요?](https://help.sell.smartstore.naver.com/faq/content.help?faqId=5417)\n*   ['라이브 특가를 설정한 상품이 있는지 미리 확인하세요' 문구는 왜 뜨나요?](https://help.sell.smartstore.naver.com/faq/content.help?faqId=5417)\n*   [상품을 판매중지/전시중지로 변경이 가능한가요?](https://help.sell.smartstore.naver.com/faq/content.help?faqId=5417)\n*   [상품(옵션)의 재고수량이 많으나, 품절로 변경되었어요.](https://help.sell.smartstore.naver.com/faq/content.help?faqId=5417)\n*   [상품 상세페이지에 노출되는 '사용자 총 평점'는 어떤 기준으로 노출되나요?](https://help.sell.smartstore.naver.com/faq/content.help?faqId=5417)\n*   ['모바일 미리보기'가 안됩니다. 어떻게 해야하나요?](https://help.sell.smartstore.naver.com/faq/content.help?faqId=5417)\n*   [실수로 상품을 삭제했습니다. 복구 가능한가요?](https://help.sell.smartstore.naver.com/faq/content.help?faqId=5417)\n*   [모바일로 상품조회/수정 메뉴에서 확인되는 상품번호 클릭 시 상품페이지로 접속되지 않습니다.](https://help.sell.smartstore.naver.com/faq/content.help?faqId=5417)\n*   [판매기간 종료된 상품은 \"판매중\"으로 어떻게 변경하나요?](https://help.sell.smartstore.naver.com/faq/content.help?faqId=5417)\n*   [[풀필먼트] 풀필먼트 정보를 일괄로 변경 할 수 있나요?](https://help.sell.smartstore.naver.com/faq/content.help?faqId=5417)\n*   [[풀필먼트] 상품 목록에서 풀필먼트사는 무엇인가요?](https://help.sell.smartstore.naver.com/faq/content.help?faqId=5417)\n*   [[풀필먼트] 풀필먼트가 설정된 상품만 조회할 수 있나요?](https://help.sell.smartstore.naver.com/faq/content.help?faqId=5417)\n*   [최대할인가 목록에서 노출되는 쿠폰 기준은 어떻게 되나요?](https://help.sell.smartstore.naver.com/faq/content.help?faqId=5417)\n*   [상품상세가 HTML로 자동 변경되었습니다, 왜 그런건가요?](https://help.sell.smartstore.naver.com/faq/content.help?faqId=5417)\n*   [모바일 미리보기에서 등록한 영상 이미지가 노출되지 않습니다. 왜 그런가요?](https://help.sell.smartstore.naver.com/faq/content.help?faqId=5417)\n*   [디지털/가전으로 등록된 카테고리가 배송없음으로 등록/수정이 안돼요.](https://help.sell.smartstore.naver.com/faq/content.help?faqId=5417)\n*   [트래픽이 많이 발생할 수 있는 이벤트(마케팅 등)를 진행해도 문제가 없나요?](https://help.sell.smartstore.naver.com/faq/content.help?faqId=5417)\n*   [상품 일괄수정(변경) 시 '작업중 오류가 발생했습니다.' 메시지가 노출됩니다.](https://help.sell.smartstore.naver.com/faq/content.help?faqId=5417)\n*   [상품을 삭제하려고 하는데 진행되지 않습니다. 왜 그런가요?](https://help.sell.smartstore.naver.com/faq/content.help?faqId=5417)\n*   [[풀필먼트] 물류사에는 재고가 있는데 스마트스토어에는 품절로 보여요.](https://help.sell.smartstore.naver.com/faq/content.help?faqId=5417)\n*   [[풀필먼트] 풀필먼트 이용 시 반품/교환 수거도 물류사를 통해 진행되나요?](https://help.sell.smartstore.naver.com/faq/content.help?faqId=5417)\n*   [품절된 상품이나 주문이 발생하였습니다. 왜 그런가요?](https://help.sell.smartstore.naver.com/faq/content.help?faqId=5417)\n*   [모바일 미리보기없이 원본 그대로 노출하고 싶습니다.](https://help.sell.smartstore.naver.com/faq/content.help?faqId=5417)\n*   [등록한 상품이 네이버쇼핑 등록 Y(노출중단)으로 노출됩니다. 왜 그런가요?](https://help.sell.smartstore.naver.com/faq/content.help?faqId=5417)\n*   [상세 이미지가 다운로드되지 않도록 설정 가능한가요?](https://help.sell.smartstore.naver.com/faq/content.help?faqId=5417)\n*   [[그룹상품] '그룹 설정' 기능은 무엇인가요?](https://help.sell.smartstore.naver.com/faq/content.help?faqId=5417)\n*   [[그룹상품] 옵션이 존재하는 상품을 그룹설정할 경우, 어떤 것을 유의해야 하나요?](https://help.sell.smartstore.naver.com/faq/content.help?faqId=5417)\n*   [상품정보 제공고시 내 '제조국'을 입력하지 않았으나, 표기되고 있습니다. 왜 그런가요?](https://help.sell.smartstore.naver.com/faq/content.help?faqId=5417)\n*   [[그룹상품] 그룹상품 등록 이후 상품을 그룹에서 해제할 수 있나요?](https://help.sell.smartstore.naver.com/faq/content.help?faqId=5417)\n*   [상품 정보 변경 전 장바구니에 담은 후, 상품의 정보가 변동될 시 자동 반영 되나요?](https://help.sell.smartstore.naver.com/faq/content.help?faqId=5417)\n*   [상품 등록/수정 시 오늘출발로 배송유형을 선택하면 배송비 템플릿 추가할 수 없나요?](https://help.sell.smartstore.naver.com/faq/content.help?faqId=5417)\n*   [Npay에서 구매자에게 제공하는 구매적립 혜택에 대해 제외되는 카테고리가 있나요?](https://help.sell.smartstore.naver.com/faq/content.help?faqId=5417)\n*   [상품 상세페이지에 노출되는 'AI구매선호 분석'이 무엇인가요?](https://help.sell.smartstore.naver.com/faq/content.help?faqId=5417)\n*   [상품 상세페이지 내 'AI구매선호분석' 그래프를 노출 또는 미노출 시킬 수 있나요?](https://help.sell.smartstore.naver.com/faq/content.help?faqId=5417)\n*   [[그룹상품] 그룹 설정에서 AI 추천은 어떤 기능을 하나요?](https://help.sell.smartstore.naver.com/faq/content.help?faqId=5417)\n*   [[그룹상품] 기준 상품 선택은 무엇인가요?](https://help.sell.smartstore.naver.com/faq/content.help?faqId=5417)\n*   [[그룹상품] 기존 등록한 그룹에 상품을 추가할 수 있나요?](https://help.sell.smartstore.naver.com/faq/content.help?faqId=5417)\n*   [상품 등록 시 적용한 할인율과 다르게 노출됩니다. 왜 그런가요?](https://help.sell.smartstore.naver.com/faq/content.help?faqId=5417)\n*   [[그룹상품] 색상칩을 상품페이지에 노출시키거나, 노출되지 않도록 설정할 수 있나요?](https://help.sell.smartstore.naver.com/faq/content.help?faqId=5417)\n*   [[그룹상품] 어떤 상품을 그룹으로 설정할 수 있나요? (그룹 설정 가능 조건)](https://help.sell.smartstore.naver.com/faq/content.help?faqId=5417)\n*   [[그룹상품] 그룹상품으로 설정하면 기존에 등록되어 있던 리뷰는 어떻게 되나요?](https://help.sell.smartstore.naver.com/faq/content.help?faqId=5417)\n*   [상품의 전시상태가 \"수정\"으로 노출되는 건 왜 그런가요?](https://help.sell.smartstore.naver.com/faq/content.help?faqId=5417)\n*   [모바일 미리보기에서 등록한 이미지가 노출되지 않습니다. 왜 그런가요?](https://help.sell.smartstore.naver.com/faq/content.help?faqId=5417)\n*   [[그룹상품] 상품명, 부가세,공지사항 등 수정하려고 하나, 활성화되지 않습니다. 왜 그런가요?](https://help.sell.smartstore.naver.com/faq/content.help?faqId=5417)\n*   [[장바구니]버튼이 확인되지 않는 상품이 있습니다. 왜 그런가요?](https://help.sell.smartstore.naver.com/faq/content.help?faqId=5417)\n*   [SKU가 연결된 상품을 그룹설정 시 주의해야할 게 있나요?](https://help.sell.smartstore.naver.com/faq/content.help?faqId=5417)\n*   [자동가격관리 기능은 무엇인가요?](https://help.sell.smartstore.naver.com/faq/content.help?faqId=5417)\n*   [자동가격관리 설정 불가한 조건이 있나요?](https://help.sell.smartstore.naver.com/faq/content.help?faqId=5417)\n*   [자동가격관리 설정이 자동으로 해제되었어요. 왜 그런가요?](https://help.sell.smartstore.naver.com/faq/content.help?faqId=5417)\n*   [자동가격관리 대상 판매자/카테고리가 궁금합니다.](https://help.sell.smartstore.naver.com/faq/content.help?faqId=5417)\n*   [자동가격관리 설정 시 가격이 변경되지 않습니다. 왜 그런가요?](https://help.sell.smartstore.naver.com/faq/content.help?faqId=5417)\n*   [자동가격관리 설정 시 가격 정보는 배송비/쿠폰을 포함하나요?](https://help.sell.smartstore.naver.com/faq/content.help?faqId=5417)\n*   [자동가격관리 설정에서 배송비 기준은 무엇인가요?](https://help.sell.smartstore.naver.com/faq/content.help?faqId=5417)\n*   [자동가격관리 설정 > 변경 범위에서 '추천가' 기준은 무엇인가요?](https://help.sell.smartstore.naver.com/faq/content.help?faqId=5417)\n*   [자동가격관리 설정과 카탈로그 페이지 내 쿠폰 할인가 금액이 다릅니다. 왜 그런가요?](https://help.sell.smartstore.naver.com/faq/content.help?faqId=5417)\n*   [자동가격관리 설정 시 가격이 정상적으로 변경되지 않을 수 있나요?](https://help.sell.smartstore.naver.com/faq/content.help?faqId=5417)\n*   [자동가격관리 설정 후 상품 가격이 자동으로 변경되었는데, 카탈로그에 반영되지 않습니다. 왜 그런가요?](https://help.sell.smartstore.naver.com/faq/content.help?faqId=5417)\n*   [자동가격관리 설정 후 카탈로그 매칭 정보가 변경되면 어떻게 되나요?](https://help.sell.smartstore.naver.com/faq/content.help?faqId=5417)\n*   [[그룹상품] 그룹상품 등록 이후 판매옵션 정보를 수정할 수 있나요?](https://help.sell.smartstore.naver.com/faq/content.help?faqId=5417)\n*   [[그룹상품] 상품목록과 상품상세에서의 색상칩 개수가 다릅니다. 왜 그런가요?](https://help.sell.smartstore.naver.com/faq/content.help?faqId=5417)\n\n*   [이용약관](https://sell.smartstore.naver.com/#/terms/agreement \"새창\")\n*   [전자금융거래 이용약관](https://new-m.pay.naver.com/member/terms-policy/finance \"새창\")\n*   [**개인정보 처리방침**](http://mktg.naver.com/privacy/privacy.html \"새창\")\n*   [청소년 보호정책](http://www.naver.com/policy/youthpolicy.html \"새창\")\n*   [책임의 한계와 법적고지](http://smartstore.naver.com/main/rules/responsibility \"팝업\")\n*   [안전거래가이드](http://ips.smartstore.naver.com/main/rules/safety \"새창\")\n*   [고객센터](https://help.sell.smartstore.naver.com/)\n\n네이버㈜는 결제정보의 중개서비스 또는 통신판매중개시스템의 제공자로서, 통신판매의 당사자가 아니며, 상품의 주문, 배송 및 환불 등과 관련한 의무와 책임은 각 판매자에게 있습니다.\n\n또한 판매자와 구매자간의 직거래에 대하여 당사는 관여하지 않기 때문에 거래에 대해서는 책임을 지지 않습니다.\n\n*   사업자등록번호 : 220-81-62517\n*   통신판매업신고번호 : 제2006-경기성남-0692호\n*   대표이사 : 최수연\n*   [사업자정보확인](https://www.ftc.go.kr/bizCommPop.do?wrkr_no=2208162517 \"새창\")\n*   주소 : 경기도 성남시 분당구 정자일로 95, NAVER 1784 (13561)\n*   전화 : 1588-3819\n*   이메일 : [helpcustomer@naver.com](mailto:helpcustomer@naver.com)\n*   [1:1문의](https://help.sell.smartstore.naver.com/mail/form.help)\n\n[NAVER](http://www.navercorp.com/ko/index.nhn \"새창\")\n\nCopyright © [**NAVER Corp.**](http://www.navercorp.com/ko/index.nhn \"새창\") All rights reserved."
      },
      {
        "platform": "naver",
        "title": "안전거래 가이드 > 상품등록정책 > 취급주의상품 : 스마트스토어",
        "url": "https://safety.smartstore.naver.com/main/rules/safety/care",
        "snippet": "5.   5. 쌀(찐쌀을 포함한다. 이하 같다): 원형을 유지하여 조리·판매하는 경우로서 밥(죽, 식혜, 떡 및 면은 제외한다)으로 제공하는 것\n    6.   6. 배추김치: 절임, 양념 혼합, 발효 또는 가공 등의 과정을 거쳐 반찬으로 제공하는 것 [...] ※ 상기 내용엔 생략된 조항이 있을 수 있으며 현재 시행중인 내용이 아닐 수 있습니다. 법령 전문 및 개정사항, 현재 시행 중인 법령은 법제처 국가법령정보센터( 직접 확인하시기 바랍니다.\n\n##### 농수산물 또는 그 가공품\n\n「농수산물의 원산지 표시에 관한 법률」에 의거 농수산물 또는 그 가공품을 판매하는 경우 소비자가 쉽게 알아 볼 수 있도록 원산지를 표시하여야 합니다.\n\n원산지 표시 대상 품목 국산 농수산물, 수입 농수산물과 그 가공품 또는 반입 농수산물과 그 가공품 ※ 세부 대상 품목은 「농수산물의 원산지 표시요령」의 [별표1], [별표2] 참고 [...] 2.   ② 법 제5조제1항제2호에 따른 농수산물 가공품의 원료에 대한 원산지 표시대상은 다음 각 호와 같다. 다만, 물, 식품첨가물 및 당류는 배합 비율의 순위와 표시대상에서 제외한다. \n    1.   1. 사용된 원료 중 배합 비율이 높은 순서의 두 가지 원료. 다만, 사용된 원료 중 배합 비율이 98퍼센트 이상인 원료가 있을 때에는 그 원료만을 표시대상으로 할 수 있다.\n    2.   2. 「식품위생법」 제10조에 따른 식품 등의 표시기준 및 「축산물위생관리법」 제6조에 따른 축산물의 표시기준에서 정한 복합원재료를 사용한 경우에는 농림수산식품부장관이 정하여 고시하는 기준에 따른 원료",
        "score": 0.04683392,
        "timestamp": "2025-11-29T02:23:20.952668",
        "raw_content": "안전거래 가이드 > 상품등록정책 > 취급주의상품 : 스마트스토어\n\n===============\n\n[메인 메뉴로 바로가기](https://safety.smartstore.naver.com/main/rules/safety/care#lnb)[본문으로 바로가기](https://safety.smartstore.naver.com/main/rules/safety/care#content)\n\n스마트스토어 안전거래 가이드\n===============\n\n*   [NAVER](https://naver.com/)\n*   [네이버 가격비교](https://shopping.naver.com/)\n*   [네이버페이](https://pay.naver.com/)\n\n*   [안전거래 정책](https://safety.smartstore.naver.com/main/rules/safety)\n*   [상품등록 정책](https://safety.smartstore.naver.com/main/rules/safety/register)\n*   [서비스 이용규칙](https://safety.smartstore.naver.com/main/rules/safety/regulation)\n*   [개인정보 보호정책](https://safety.smartstore.naver.com/main/rules/safety/steal)\n*   [안전거래 꿀팁](https://safety.smartstore.naver.com/main/rules/safety/tip)\n\n* * *\n\n상품등록 정책\n-------\n\n*   [**취급불가상품**](https://safety.smartstore.naver.com/main/rules/safety/register \"취급불가상품\")\n*   [**취급주의상품**](https://safety.smartstore.naver.com/main/rules/safety/care \"취급주의상품\")\n*   [**허위과대과장광고**](https://safety.smartstore.naver.com/main/rules/safety/deceptive \"허위과대과장광고\")\n*   [**지식재산권침해상품**](https://safety.smartstore.naver.com/main/rules/safety/invasion \"지식재산권침해상품\")\n\n*   [권리보호센터](https://right.naver.com/ \"권리보호센터\")\n*   [- 스마트스토어 판매이용 약관](https://sell.smartstore.naver.com/#/terms/agreement \"스마트스토어 판매이용 약관\")\n*   [- 스마트스토어 판매자 센터](https://sell.smartstore.naver.com/ \"스마트스토어 판매자 센터\")\n\n판매자 고객센터 1588-3819 평일 09:00~18:00[1:1 문의하기](https://help.sell.smartstore.naver.com/mail/form.nhn \"이메일상담\")\n\n* * *\n\n### 상품등록정책\n\n스마트스토어에서는 관련 법령에 위배되는 상품의 유통으로 인한 구매자 피해를 최소화하고 판매자를 보호하기 위하여 상품등록정책을 운영하고 있습니다.\n\n#### 취급주의상품\n\n스마트스토어에서는 판매자와 구매자의 건전하고 안전한 전자상거래를 위해 현행법령상 신고·허가·인증 또는 판매자격 요건이 필요하거나 상품 판매 시 주의가 필요한 상품군을 ‘취급주의상품’으로 정의하고 아래와 같이 관련 내용을 안내 드리고 있습니다. 신고·허가·인증 또는 판매자격 요건을 갖추지 않고 상품을 판매할 경우 해당 상품은 관리자에 의해 판매금지 처리되며 직권으로 거래취소가 진행될 수 있습니다. 또한, 상품을 등록한 판매자에 대해서는 서비스 이용이 정지될 수 있으니 상품 등록 시 유의하여 주시기 바랍니다.\n\n*   [식품](https://safety.smartstore.naver.com/main/rules/safety/care#)\n*   [농수산물 또는 그 가공품](https://safety.smartstore.naver.com/main/rules/safety/care#)\n*   [친환경농산물](https://safety.smartstore.naver.com/main/rules/safety/care#)\n*   [건강기능식품](https://safety.smartstore.naver.com/main/rules/safety/care#)\n*   [화장품](https://safety.smartstore.naver.com/main/rules/safety/care#)\n*   [의료기기](https://safety.smartstore.naver.com/main/rules/safety/care#)\n*   [공산품](https://safety.smartstore.naver.com/main/rules/safety/care#)\n*   [전기용품](https://safety.smartstore.naver.com/main/rules/safety/care#)\n*   [방송통신기기](https://safety.smartstore.naver.com/main/rules/safety/care#)\n*   [출판물](https://safety.smartstore.naver.com/main/rules/safety/care#)\n*   [게임·음반·영상물](https://safety.smartstore.naver.com/main/rules/safety/care#)\n*   [청소년유해매체물등](https://safety.smartstore.naver.com/main/rules/safety/care#)\n*   [자동차연료·첨가제 또는 촉매제](https://safety.smartstore.naver.com/main/rules/safety/care#)\n*   [유해화학물질](https://safety.smartstore.naver.com/main/rules/safety/care#)\n\n##### 식품\n\n「식품위생법」에 의거 식품 또는 식품첨가물을 제조·가공 및 판매를 위해서는 식품의약품안전청장 등에 신고가 되어 있어야 하며, 판매·영업의 목적으로 식품을 수입하고자 하는 경우에도 식품의약품안전청장에게 신고하여야 합니다.\n\n‘식품’이란?모든 음식물(의약으로 섭취하는 것은 제외)‘식품첨가물’이란?식품을 제조·가공 또는 보존하는 과정에서 식품에 넣거나 섞는 물질 또는 식품을 적시는 등에 사용되는 물질\n\n(기구(器具)·용기·포장을 살균·소독하는 데에 사용되어 간접적으로 식품으로 옮아갈 수 있는 물질을 포함)\n\n[관련 법령 보기](https://safety.smartstore.naver.com/main/rules/safety/care#)\n\n##### 식품위생법| 법률 제11000호, 2011.8.4, 일부개정\n\n###### 제19조(수입 식품등의 신고 등)\n\n1.   ① 판매를 목적으로 하거나 영업에 사용할 목적으로 식품등을 수입하려는 자는 보건복지부령으로 정하는 바에 따라 식품의약품안전청장에게 신고하여야 한다. <개정 2010.1.18 >\n2.   ② ~ ⑤ 생략\n\n###### 제36조(시설기준)\n\n1.   ① 다음의 영업을 하려는 자는 보건복지부령으로 정하는 시설기준에 맞는 시설을 갖추어야 한다. <개정 2010.1.18>\n    1.   1. 식품 또는 식품첨가물의 제조업, 가공업, 운반업, 판매업 및 보존업\n    2.   2. 기구 또는 용기·포장의 제조업\n    3.   3. 식품접객업\n\n2.   ② 제1항 각 호에 따른 영업의 세부 종류와 그 범위는 대통령령으로 정한다.\n\n###### 제37조(영업허가 등)\n\n1.   ① ~ ③ 생략\n2.   ④ 제36조제1항 각 호에 따른 영업 중 대통령령으로 정하는 영업을 하려는 자는 대통령령으로 정하는 바에 따라 영업 종류별 또는 영업소별로 식품의약품안전청장 또는 특별자치도지사·시장·군수·구청장에게 신고하여야 한다. 신고한 사항 중 대통령령으로 정하는 중요한 사항을 변경하거나 폐업할 때에도 또한 같다.\n3.   ⑤ ~ ⑧ 생략\n\n###### 제97조(벌칙)\n\n다음 각 호의 어느 하나에 해당하는 자는 3년 이하의 징역 또는 3천만원 이하의 벌금에 처한다. <개정 2010.1.18, 2011.6.7 >\n\n1.   1. 제10조제2항(제88조에서 준용하는 경우를 포함한다), 제12조의2제2항, 제13조제1항, 제17조제4항, 제31조제1항, 제34조제4항, 제37조제3항·제4항, 제39조제3항, 제48조제2항·제10항 또는 제55조를 위반한 자\n2.   2. ~ 9. 생략\n\n##### 식품위생법 시행령| 대통령령 제23619호, 2012.2.3, 일부개정\n\n###### 제21조(영업의 종류)\n\n법 제36조제2항에 따른 영업의 세부 종류와 그 범위는 다음 각 호와 같다. <개정 2010.3.15, 2011.3.30 >\n\n1.   1. 식품제조·가공업: 식품을 제조·가공하는 영업\n2.   2. 즉석판매제조·가공업: 보건복지부령으로 정하는 식품을 제조·가공업소에서 직접 최종소비자에게 판매하는 영업\n3.   3. 식품첨가물제조업 \n    *   가. 감미료·착색료·표백제 등의 화학적 합성품을 제조·가공하는 영업\n    *   나. 천연 물질로부터 유용한 성분을 추출하는 등의 방법으로 얻은 물질을 제조·가공하는 영업\n    *   다. 식품첨가물의 혼합제재를 제조·가공하는 영업\n    *   라. 기구 및 용기·포장을 살균·소독할 목적으로 사용되어 간접적으로 식품에 이행(移行)될 수 있는 물질을 제조·가공하는 영업\n\n4.   4. 식품운반업: 직접 마실 수 있는 유산균음료(살균유산균음료를 포함한다)나 어류·조개류 및 그 가공품 등 부패·변질되기 쉬운 식품을 위생적으로 운반하는 영업. 다만, 해당 영업자의 영업소에서 판매할 목적으로 식품을 운반하는 경우와 해당 영업자가 제조·가공한 식품을 운반하는 경우는 제외한다.\n5.   5. 식품소분·판매업 \n    *   가. 식품소분업: 보건복지부령으로 정하는 식품 또는 식품첨가물의 완제품을 나누어 유통할 목적으로 재포장·판매하는 영업\n    *   나. 식품판매업 \n        1.   1) 식용얼음판매업: 식용얼음을 전문적으로 판매하는 영업\n        2.   2) 식품자동판매기영업: 식품을 자동판매기에 넣어 판매하는 영업. 다만, 유통기간이 1개월 이상인 완제품만을 자동판매기에 넣어 판매하는 경우는 제외한다.\n        3.   3) 유통전문판매업: 식품 또는 식품첨가물을 스스로 제조·가공하지 아니하고 제1호의 식품제조·가공업자 또는 제3호의 식품첨가물제조업자에게 의뢰하여 제조·가공한 식품 또는 식품첨가물을 자신의 상표로 유통·판매하는 영업\n        4.   4) 집단급식소 식품판매업: 집단급식소에 식품을 판매하는 영업\n        5.   5) 식품등수입판매업: 식품등을 수입하여 판매하는 영업. 다만, 식품등의 채취·제조 또는 가공에 사용되는 기계를 수입하는 경우는 제외한다.\n        6.   6) 기타 식품판매업: 1)부터 5)까지를 제외한 영업으로서 보건복지부령으로 정하는 일정 규모 이상의 백화점, 슈퍼마켓, 연쇄점 등에서 식품을 판매하는 영업\n\n6.   6. 식품보존업 \n    *   가. 식품조사처리업: 방사선을 쬐어 식품의 보존성을 물리적으로 높이는 것을 업(業)으로 하는 영업\n    *   나. 식품냉동·냉장업: 식품을 얼리거나 차게 하여 보존하는 영업. 다만, 수산물의 냉동·냉장은 제외한다.\n\n7.   7. 용기·포장류제조업 \n    *   가. 용기·포장지제조업: 식품 또는 식품첨가물을 넣거나 싸는 물품으로서 식품 또는 식품첨가물에 직접 접촉되는 용기(옹기류는 제외한다)·포장지를 제조하는 영업\n    *   나. 옹기류제조업: 식품을 제조·조리·저장할 목적으로 사용되는 독, 항아리, 뚝배기 등을 제조하는 영업\n\n8.   8. 식품접객업 \n    *   가. 휴게음식점영업: 주로 다류(茶類), 아이스크림류 등을 조리·판매하거나 패스트푸드점, 분식점 형태의 영업 등 음식류를 조리·판매하는 영업으로서 음주행위가 허용되지 아니하는 영업. 다만, 편의점, 슈퍼마켓, 휴게소, 그 밖에 음식류를 판매하는 장소에서 컵라면, 일회용 다류 또는 그 밖의 음식류에 뜨거운 물을 부어 주는 경우는 제외한다. \n    *   나. 일반음식점영업: 음식류를 조리·판매하는 영업으로서 식사와 함께 부수적으로 음주행위가 허용되는 영업\n    *   다. 단란주점영업: 주로 주류를 조리·판매하는 영업으로서 손님이 노래를 부르는 행위가 허용되는 영업\n    *   라. 유흥주점영업: 주로 주류를 조리·판매하는 영업으로서 유흥종사자를 두거나 유흥시설을 설치할 수 있고 손님이 노래를 부르거나 춤을 추는 행위가 허용되는 영업\n    *   마. 위탁급식영업: 집단급식소를 설치·운영하는 자와의 계약에 따라 그 집단급식소에서 음식류를 조리하여 제공하는 영업\n    *   바. 제과점영업: 주로 빵, 떡, 과자 등을 제조·판매하는 영업으로서 음주행위가 허용되지 아니하는 영업\n\n###### 제23조(허가를 받아야 하는 영업 및 허가관청)\n\n법 제37조제1항 전단에 따라 허가를 받아야 하는 영업 및 해당 허가관청은 다음 각 호와 같다.\n\n1.   1. 제21조제6호가목의 식품조사처리업: 식품의약품안전청장\n2.   2. 제21조제8호다목의 단란주점영업과 같은 호 라목의 유흥주점영업: 특별자치도지사 또는 시장·군수·구청장\n\n###### 제25조(영업신고를 하여야 하는 업종)\n\n1.   ① 법 제37조제4항 전단에 따라 특별자치도지사 또는 시장·군수·구청장에게 신고를 하여야 하는 영업은 다음 각 호와 같다. \n    1.   1. 제21조제1호의 식품제조·가공업\n    2.   2. 제21조제2호의 즉석판매제조·가공업\n    3.   3. 제21조제3호의 식품첨가물제조업\n    4.   4. 제21조제4호의 식품운반업\n    5.   5. 제21조제5호의 식품소분·판매업\n    6.   6. 제21조제6호나목의 식품냉동·냉장업\n    7.   7. 제21조제7호의 용기·포장류제조업(자신의 제품을 포장하기 위하여 용기·포장류를 제조하는 경우는 제외한다)\n    8.   8. 제21조제8호가목의 휴게음식점영업, 같은 호 나목의 일반음식점영업, 같은 호 마목의 위탁급식영업 및 같은 호 바목의 제과점영업\n\n2.   ② 제1항에도 불구하고 다음 각 호의 어느 하나에 해당하는 경우에는 신고하지 아니한다.\n\n<개정 2009.10.8, 2009.11.26, 2010.11.19>\n    1.   1. 「양곡관리법」 제19조에 따른 양곡가공업 중 도정업을 하는 경우\n    2.   2. 「수산물품질관리법」 제19조에 따라 수산물가공업의 등록을 하고 해당 영업을 하는 경우\n    3.   3. 「주세법」 제6조에 따라 주류제조면허를 받아 주류를 제조하는 경우\n    4.   4. 「축산물위생관리법」 제22조에 따라 축산물가공업의 허가를 받아 해당 영업을 하는 경우\n    5.   5. 「건강기능식품에 관한 법률」 제5조 및 제6조에 따라 건강기능식품제조업, 건강기능식품수입업 및 건강기능식품판매업의 영업허가를 받거나 영업신고를 하고 해당 영업을 하는 경우\n    6.   6. 식품첨가물이나 다른 원료를 사용하지 아니하고 농산물·임산물·수산물을 단순히 자르거나, 껍질을 벗기거나, 말리거나, 소금에 절이거나, 숙성하거나, 가열(살균의 목적 또는 성분의 현격한 변화를 유발하기 위한 목적의 경우는 제외한다. 이하 같다)하는 등의 가공과정 중 위생상 위해가 발생할 우려가 없고 식품의 상태를 관능검사(官能檢査)로 확인할 수 있도록 가공하는 경우. 다만, 다음 각 목의 어느 하나에 해당하는 경우는 제외한다. \n        *   가. 집단급식소에 식품을 판매하기 위하여 가공하는 경우\n        *   나. 식품의약품안전청장이 법 제7조제1항에 따라 기준과 규격을 정하여 고시한 신선편의식품(과일, 야채, 채소, 새싹 등을 식품첨가물이나 다른 원료를 사용하지 아니하고 단순히 자르거나, 껍질을 벗기거나, 말리거나, 소금에 절이거나, 숙성하거나, 가열하는 등의 가공과정을 거친 상태에서 따로 씻는 등의 과정 없이 그대로 먹을 수 있게 만든 식품을 말한다)을 판매하기 위하여 가공하는 경우 \n\n    7.   7. 「농어업·농어촌 및 식품산업 기본법」 제3조제2호에 따른 농어업인 및 「농어업경영체 육성 및 지원에 관한 법률」 제16조에 따른 영농조합법인과 영어조합법인이 생산한 농산물·임산물·수산물을 집단급식소에 판매하는 경우. 다만, 다른 사람으로 하여금 생산하거나 판매하게 하는 경우는 제외한다.\n\n※ 상기 내용엔 생략된 조항이 있을 수 있으며 현재 시행중인 내용이 아닐 수 있습니다. 법령 전문 및 개정사항, 현재 시행 중인 법령은 법제처 국가법령정보센터([https://www.law.go.kr](https://www.law.go.kr/))에서 직접 확인하시기 바랍니다.\n\n##### 판매가 금지되는 식품\n\n*   인체의 건강을 해칠 우려가 있는 위해 식품\n*   수입신고를 하지 않고 수입한 식품\n*   영업자가 아닌자가 제조 제조·가공·소분한 식품\n*   질병에 걸렸거나 걸렸을 염려가 있는 동물이나 그 질병에 걸려 죽은 동물의 고기 등\n*   기준·규격이 고시되지 않은 화학적 합성품 등\n\n[관련 법령 보기](https://safety.smartstore.naver.com/main/rules/safety/care#)\n\n##### 식품위생법| 법률 제11000호, 2011.8.4, 일부개정\n\n###### 제4조(위해식품등의 판매 등 금지)\n\n누구든지 다음 각 호의 어느 하나에 해당하는 식품등을 판매하거나 판매할 목적으로 채취·제조·수입·가공·사용·조리·저장·소분·운반 또는 진열하여서는 아니 된다.\n\n1.   1. 썩거나 상하거나 설익어서 인체의 건강을 해칠 우려가 있는 것\n2.   2. 유독·유해물질이 들어 있거나 묻어 있는 것 또는 그러할 염려가 있는 것. 다만, 식품의약품안전청장이 인체의 건강을 해칠 우려가 없다고 인정하는 것은 제외한다.\n3.   3. 병(病)을 일으키는 미생물에 오염되었거나 그러할 염려가 있어 인체의 건강을 해칠 우려가 있는 것\n4.   4. 불결하거나 다른 물질이 섞이거나 첨가(添加)된 것 또는 그 밖의 사유로 인체의 건강을 해칠 우려가 있는 것\n5.   5. 제18조에 따른 안전성 평가 대상인 농·축·수산물 등 가운데 안전성 평가를 받지 아니하였거나 안전성 평가에서 식용(食用)으로 부적합하다고 인정된 것\n6.   6. 수입이 금지된 것 또는 제19조제1항에 따른 수입신고를 하지 아니하고 수입한 것\n7.   7. 영업자가 아닌 자가 제조·가공·소분한 것\n\n###### 제5조(병든 동물 고기 등의 판매 등 금지)\n\n누구든지 보건복지부령으로 정하는 질병에 걸렸거나 걸렸을 염려가 있는 동물이나 그 질병에 걸려 죽은 동물의 고기·뼈·젖·장기 또는 혈액을 식품으로 판매하거나 판매할 목적으로 채취·수입·가공·사용·조리·저장·소분 또는 운반하거나 진열하여서는 아니 된다. <개정 2010.1.18>\n\n###### 제6조(기준·규격이 고시되지 아니한 화학적 합성품 등의 판매 등 금지)\n\n누구든지 다음 각 호의 어느 하나에 해당하는 행위를 하여서는 아니 된다. 다만, 식품의약품안전청장이 제57조에 따른 식품위생심의위원회(이하 \"심의위원회\"라 한다)의 심의를 거쳐 인체의 건강을 해칠 우려가 없다고 인정하는 경우에는 그러하지 아니하다.\n\n1.   1. 제7조제1항에 따라 기준·규격이 고시되지 아니한 화학적 합성품인 첨가물과 이를 함유한 물질을 식품첨가물로 사용하는 행위\n2.   2. 제1호에 따른 식품첨가물이 함유된 식품을 판매하거나 판매할 목적으로 제조·수입·가공·사용·조리·저장·소분·운반 또는 진열하는 행위\n\n###### 제94조(벌칙)\n\n다음 각 호의 어느 하나에 해당하는 자는 7년 이하의 징역 또는 1억원 이하의 벌금에 처하거나 이를 병과할 수 있다.\n\n1.   1. 제4조부터 제6조까지(제88조에서 준용하는 경우를 포함하고, 제93조제1항 및 제3항에 해당하는 경우는 제외한다)를 위반한 자\n2.   2., 3. 생략\n\n※ 상기 내용엔 생략된 조항이 있을 수 있으며 현재 시행중인 내용이 아닐 수 있습니다. 법령 전문 및 개정사항, 현재 시행 중인 법령은 법제처 국가법령정보센터([https://www.law.go.kr](https://www.law.go.kr/))에서 직접 확인하시기 바랍니다.\n\n식품등의 표시기준 식품 등(수입식품 포함)은 식품의약품안전청 고시 제2011-67호 「식품등의 표시기준」에 따라 제품명, 식품의 유형(따로 정하는 제품에 한함), 업소명 및 소재지, 제조연월일, 유통기간 또는 품질유지기한, 내용량, 원재료명, 성분명 및 함량, 영양성분, 기타 식품 등의 세부표시기간에서 정하는 사항을 용기∙포장에 표시하여야 합니다.\n\n[관련 법령 보기](https://safety.smartstore.naver.com/main/rules/safety/care#)\n\n##### 식품위생법| 법률 제11000호, 2011.8.4, 일부개정\n\n###### 제10조(표시기준)\n\n1.   ① 식품의약품안전청장은 국민보건을 위하여 필요하면 다음 각 호의 어느 하나에 해당하는 표시에 관한 기준을 정하여 고시할 수 있다. \n    1.   1. 판매를 목적으로 하는 식품 또는 식품첨가물의 표시\n    2.   2. 제9조제1항에 따라 기준과 규격이 정하여진 기구 및 용기·포장의 표시\n    3.   3. 삭제 <2011.6.7>\n\n2.   ② 제1항에 따라 표시에 관한 기준이 정하여진 식품등은 그 기준에 맞는 표시가 없으면 판매하거나 판매할 목적으로 수입·진열·운반하거나 영업에 사용하여서는 아니 된다.\n\n###### 제11조(식품의 영양표시 등)\n\n1.   ① 식품의약품안전청장은 보건복지부령으로 정하는 식품의 영양표시에 관하여 필요한 기준을 정하여 고시할 수 있다. <개정 2010.1.18 >\n2.   ② 식품을 제조·가공·소분 또는 수입하는 영업자가 식품을 판매하거나 판매할 목적으로 수입·진열·운반하거나 영업에 사용하는 경우에는 제1항에 따라 정하여진 영양표시 기준을 지켜야 한다.\n3.   ③ 식품의약품안전청장은 국민들이 제1항에 따른 영양표시를 식생활에서 활용할 수 있도록 교육과 홍보를 하여야 한다.\n\n###### 제97조(벌칙)\n\n다음 각 호의 어느 하나에 해당하는 자는 3년 이하의 징역 또는 3천만원 이하의 벌금에 처한다. <개정 2010.1.18, 2011.6.7 >\n\n1.   1. 제10조제2항(제88조에서 준용하는 경우를 포함한다), 제12조의2제2항, 제13조제1항, 제17조제4항, 제31조제1항, 제34조제4항, 제37조제3항·제4항, 제39조제3항, 제48조제2항·제10항 또는 제55조를 위반한 자\n2.   2. ~ 9. 생략\n\n###### 제101조(과태료)\n\n1.   ① 다음 각 호의 어느 하나에 해당하는 자에게는 1천만원 이하의 과태료를 부과한다. \n    1.   1. 제11조제2항을 위반하여 영양표시 기준을 준수하지 아니한 자\n    2.   2. 삭제 <2010.2.4>\n\n2.   ② ~ ④ 생략\n\n##### 식품위생법 시행규칙| 보건복지부령 제100호, 2012. 1.17, 일부개정\n\n###### 제6조(영양표시 대상 식품)\n\n1.   ① 법 제11조제1항에서 \"보건복지부령으로 정하는 식품\"이란 다음 각 호의 식품을 말한다.\n\n<개정 2010.3.19, 2012.1.17>\n    1.   1. 장기보존식품(레토르트식품만 해당한다)\n    2.   2. 과자류 중 과자, 캔디류 및 빙과류\n    3.   3. 빵류 및 만두류\n    4.   4. 초콜릿류\n    5.   5. 잼류\n    6.   6. 식용 유지류(油脂類)\n    7.   7. 면류\n    8.   8. 음료류\n    9.   9. 특수용도식품\n    10.   10. 어육가공품 중 어육소시지\n    11.   11. 즉석섭취식품 중 김밥, 햄버거, 샌드위치\n\n2.   ② 제1항에도 불구하고 다음 각 호의 식품은 영양표시 대상 식품으로 보지 아니한다. \n    1.   1. 즉석판매제조·가공업자가 제조·가공하는 식품\n    2.   2. 최종 소비자에게 제공되지 아니하고 다른 식품을 제조·가공 또는 조리할 때 원료로 사용되는 식품\n    3.   3. 식품의 포장 또는 용기의 주 표시면 면적이 30제곱센티미터 이하인 식품\n\n##### 식품등의 표시기준| 식품의약품안전청 고시 제2011-67호, 2011.11.07, 일부개정\n\n제4조(표시사항) 식품등의 표시사항은 다음과 같다.\n\n1.   1. 제품명(기구 또는 용기∙포장은 제외한다)\n2.   2.. 식품의 유형(따로 정하는 제품에 한한다)\n3.   3. <삭제 99. 2. 18>\n4.   4. 업소명 및 소재지\n5.   5. 제조연월일(따로 정하는 제품에 한한다)\n6.   6. 유통기한 또는 품질유지기한(식품첨가물과 기구 또는 용기∙포장은 제외한다)\n7.   7. 내용량(내용량에 해당하는 열량): 내용량은 기구 또는 용기∙포장 제품을 제외하며, 내용량에 해당하는 열량은 영양성분 대상 식품에 한하여 표시한다.\n8.   8. 원재료명(기구 또는 용기∙포장은 재질로 표시한다) 및 함량(원재료를 제품명 또는 제품명의 일부로 사용하는 경우에 한한다)\n9.   9. 성분명 및 함량(성분표시를 하고자 하는 식품 및 성분명을 제품명 또는 제품명의 일부로 사용하는 경우에 한한다)\n10.   10. 영양성분 (따로 정하는 제품에 한한다)\n11.   11. 기타 식품 등의 세부표시기준에서 정하는 사항\n\n※ 상기 내용엔 생략된 조항이 있을 수 있으며 현재 시행중인 내용이 아닐 수 있습니다. 법령 전문 및 개정사항, 현재 시행 중인 법령은 법제처 국가법령정보센터([https://www.law.go.kr](https://www.law.go.kr/))에서 직접 확인하시기 바랍니다.\n\n##### 농수산물 또는 그 가공품\n\n「농수산물의 원산지 표시에 관한 법률」에 의거 농수산물 또는 그 가공품을 판매하는 경우 소비자가 쉽게 알아 볼 수 있도록 원산지를 표시하여야 합니다.\n\n원산지 표시 대상 품목 국산 농수산물, 수입 농수산물과 그 가공품 또는 반입 농수산물과 그 가공품 ※ 세부 대상 품목은 「농수산물의 원산지 표시요령」의 [별표1], [별표2] 참고\n\n[국립농산물품질관리원 홈페이지](https://www.naqs.go.kr/)> 업무소개 > 원산지관리 > 농식품원산지표시 > 관련법령 및 고시 에서 ‘농수산물의 원산지 표시요령’ 다운로드 원산지 표시 방법「농수산물의 원산지 표시에 관한 법률 시행령 [별표 1] 원산지의 표시기준(제5조제1항 관련)」 참고 통신판매의 경우 원산지 표시방법「농수산물의 원산지 표시에 관한 법률 시행규칙 [별표 3] 통신판매의 경우 원산지 표시방법(제3조제1호 관련)」 참고\n\n[관련 법령 보기](https://safety.smartstore.naver.com/main/rules/safety/care#)\n\n##### 농수산물의 원산지 표시에 관한 법률| 법률 제10933호, 2011. 7.25, 일부개정\n\n###### 제5조(원산지 표시)\n\n1.   ① 대통령령으로 정하는 농수산물 또는 그 가공품을 생산·가공하여 출하하거나 판매(통신판매를 포함한다. 이하 같다) 또는 판매할 목적으로 보관·진열하는 자는 다음 각 호에 대하여 원산지를 표시하여야 한다. \n    1.   1. 농수산물\n    2.   2. 농수산물 가공품의 원료\n\n2.   ② 다음 각 호의 어느 하나에 해당하는 때에는 제1항에 따라 원산지를 표시한 것으로 본다. \n    1.   1. 「농산물품질관리법」 제4조 또는 「수산물품질관리법」 제5조에 따른 표준규격품의 표시를 한 경우\n    2.   2. 「농산물품질관리법」 제5조에 따른 농산물우수관리인증표시 또는「수산물품질관리법」 제6조에 따른 품질인증표시를 한 경우\n    3.   3. 「농산물품질관리법」 제7조의5에 따른 농산물이력추적관리의 표시또는「수산물품질관리법」 제8조의2에 따른 수산물이력추적관리의 표시를 한 경우\n    4.   4. 「수산물품질관리법」 제8조의3에 따른 친환경수산물인증의 표시를 한 경우\n    5.   5.「농산물품질관리법」 제8조 또는 「수산물품질관리법」 제9조에 따른 지리적표시를 한 경우\n    6.   6. 다른 법률에서 농수산물의 원산지나 그 가공품의 원료의 원산지를 표시하도록 규정하고 있는 경우\n\n3.   ③ 식품접객업 및 집단급식소 중 대통령령으로 정하는 영업소나 집단급식소를 설치·운영하는 자는 대통령령으로 정하는 농수산물이나 그 가공품을 조리하여 판매·제공하는 경우(조리하여 판매 또는 제공할 목적으로 보관·진열하는 경우를 포함한다. 이하 같다)에 그 농수산물이나 그 가공품의 원료에 대하여 원산지(쇠고기는 식육의 종류를 포함한다. 이하 같다)를 표시하여야 한다. \n4.   ④ 제1항이나 제3항에 따른 표시대상, 표시를 하여야 할 자, 표시기준은 대통령령으로 정하고, 표시방법과 그 밖에 필요한 사항은 농림수산식품부령으로 정한다.\n\n###### 제6조(거짓 표시 등의 금지)\n\n1.   ① 누구든지 다음 각 호의 행위를 하여서는 아니 된다. \n    1.   1. 원산지 표시를 거짓으로 하거나 이를 혼동하게 할 우려가 있는 표시를 하는 행위\n    2.   2. 원산지 표시를 혼동하게 할 목적으로 그 표시를 손상·변경하는 행위\n    3.   3. 원산지를 위장하여 판매하거나, 원산지 표시를 한 농수산물이나 그 가공품에 다른 농수산물이나 가공품을 혼합하여 판매하거나 판매할 목적으로 보관이나 진열하는 행위\n\n2.   ② 농수산물이나 그 가공품을 조리하여 판매·제공하는 자는 다음 각 호의 행위를 하여서는 아니 된다. \n    1.   1. 원산지 표시를 거짓으로 하거나 이를 혼동하게 할 우려가 있는 표시를 하는 행위\n    2.   2. 원산지를 위장하여 조리·판매·제공하거나, 조리하여 판매·제공할 목적으로 농수산물이나 그 가공품의 원산지 표시를 손상·변경하여 보관·진열하는 행위\n    3.   3. 원산지 표시를 한 농수산물이나 그 가공품에 원산지가 다른 동일 농수산물이나 그 가공품을 혼합하여 조리·판매·제공하는 행위\n\n3.   ③ 제1항이나 제2항을 위반하여 원산지를 혼동하게 할 우려가 있는 표시 및 위장판매의 범위 등 필요한 사항은 농림수산식품부령으로 정한다.\n4.   ④ 「유통산업발전법」 제2조제3호에 따른 대규모점포를 개설한 자는 임대의 형태로 운영되는 점포(이하 \"임대점포\"라 한다)의 임차인 등 운영자가 제1항 각 호 또는 제2항 각 호의 어느 하나에 해당하는 행위를 하도록 방치하여서는 아니 된다. <신설 2011.7.25>\n\n###### 제9조(원산지 표시 등의 위반에 대한 처분 등)\n\n1.   ① 농림수산식품부장관이나 시·도지사는 제5조나 제6조를 위반한 자에 대하여 다음 각 호의 어느 하나의 처분을 할 수 있다. 다만, 제5조제3항을 위반한 자에 대한 처분은 제1호에 한한다. \n    1.   1. 표시의 이행·변경·삭제 등 시정명령\n    2.   2. 위반 농수산물이나 그 가공품의 판매 등 거래행위 금지\n\n2.   ② 농림수산식품부장관이나 시·도지사는 다음 각 호의 자가 제5조 또는 제6조를 위반하여 농수산물이나 그 가공품 등의 원산지 등을 2회 이상 표시하지 아니하거나 거짓으로 표시함에 따라 제1항에 따른 처분이 확정된 경우 처분 내용, 해당 영업소와 농수산물 등의 명칭 등 처분과 관련된 사항을 대통령령으로 정하는 바에 따라 농림수산식품부, 국립농산물품질관리원, 농림수산검역검사본부, 시·도, 시·군·구, 한국소비자원 및 대통령령으로 정하는 주요 인터넷 정보제공 사업자의 홈페이지에 공표하여야 한다. <개정 2011.7.25>\n    1.   1. 제5조제1항에 따라 원산지의 표시를 하도록 한 농수산물이나 그 가공품을 생산·가공하여 출하하거나 판매 또는 판매할 목적으로 가공하는 자\n    2.   2. 제5조제3항에 따라 음식물을 조리하여 판매·제공하는 자\n\n###### 제14조(벌칙)\n\n제6조제1항을 위반한 자는 7년 이하의 징역이나 1억원 이하의 벌금에 처하거나 이를 병과(倂科)할 수 있다.\n\n###### 제15조(벌칙)\n\n제6조제2항을 위반한 자는 7년 이하의 징역이나 1억원 이하의 벌금에 처하거나 이를 병과할 수 있다.\n\n[전문개정 2011.7.25]\n\n##### 농수산물의 원산지 표시에 관한 법률 시행령| 대통령령 제23533호, 2012. 1.25, 일부개정\n\n###### 제3조(원산지의 표시대상)\n\n1.   ① 법 제5조제1항 각 호 외의 부분에서 \"대통령령으로 정하는 농수산물 또는 그 가공품\"이란 다음 각 호의 농수산물 또는 그 가공품을 말한다. \n    1.   1. 유통질서의 확립과 소비자의 올바른 선택을 위하여 필요하다고 인정하여 농림수산식품부장관이 고시한 농수산물 또는 그 가공품\n    2.   2. 「대외무역법」 제33조에 따라 지식경제부장관이 공고한 수입 농수산물 또는 그 가공품\n\n2.   ② 법 제5조제1항제2호에 따른 농수산물 가공품의 원료에 대한 원산지 표시대상은 다음 각 호와 같다. 다만, 물, 식품첨가물 및 당류는 배합 비율의 순위와 표시대상에서 제외한다. \n    1.   1. 사용된 원료 중 배합 비율이 높은 순서의 두 가지 원료. 다만, 사용된 원료 중 배합 비율이 98퍼센트 이상인 원료가 있을 때에는 그 원료만을 표시대상으로 할 수 있다.\n    2.   2. 「식품위생법」 제10조에 따른 식품 등의 표시기준 및 「축산물위생관리법」 제6조에 따른 축산물의 표시기준에서 정한 복합원재료를 사용한 경우에는 농림수산식품부장관이 정하여 고시하는 기준에 따른 원료\n\n3.   ③ 제2항을 적용할 때 원료 농수산물의 명칭을 제품명 또는 제품명의 일부로 사용하는 경우로서 그 원료 농수산물이 같은 항에 따른 표시대상이 아닌 경우에는 그 원료 농수산물을 함께 표시대상으로 하여야 한다.\n4.   ④ 농수산물 가공품의 신뢰도를 높이기 위하여 필요한 경우에는 제2항 및 제3항에 따른 표시대상 원료 외의 원료에 대해서도 그 원산지를 표시할 수 있다.M\n5.   ⑤ 법 제5조제3항에서 \"대통령령으로 정하는 농수산물이나 그 가공품\"이란 다음 각 호의 것을 말한다. \n    1.   1. 쇠고기의 식육·포장육·식육가공품: 구이용, 탕용(湯用), 찜용, 튀김용, 육회용(肉膾用) 등 모든 용도로 조리하여 판매·제공(육회용의 경우 조리 과정 없이 날 것으로 판매·제공하는 것을 포함한다)하는 것\n    2.   2. 돼지고기의 식육·포장육·식육가공품(「축산물위생관리법」 제2조제8호에 따른 양념육류·분쇄가공육제품·갈비가공품·식육추출가공품과 「식품위생법」 제14조의 식품등의 공전(公典)에 따른 식육가공품 중 보쌈·족발만 해당한다): 구이용, 탕용, 찜용 또는 튀김용으로 조리하여 판매·제공하는 것 \n    3.   3. 닭고기의 식육·포장육·식육가공품(「축산물위생관리법」 제2조제8호에 따른 양념육류·분쇄가공육제품·갈비가공품 및 식육추출가공품만 해당한다): 구이용, 탕용, 찜용 또는 튀김용으로 조리하여 판매·제공하는 것(배달을 통하여 판매·제공하는 것을 포함한다)\n    4.   4. 오리고기의 식육·포장육·식육가공품(「축산물위생관리법」 제2조제8호에 따른 햄류·양념육류·분쇄가공육제품·갈비가공품 및 식육추출가공품만 해당한다): 구이용, 탕용, 찜용, 튀김용 또는 훈제용으로 조리하여 판매·제공하는 것(햄류는 훈제용만 해당한다)\n    5.   5. 쌀(찐쌀을 포함한다. 이하 같다): 원형을 유지하여 조리·판매하는 경우로서 밥(죽, 식혜, 떡 및 면은 제외한다)으로 제공하는 것\n    6.   6. 배추김치: 절임, 양념 혼합, 발효 또는 가공 등의 과정을 거쳐 반찬으로 제공하는 것\n\n###### 제5조(원산지의 표시기준)\n\n1.   ① 법 제5조제4항에 따른 원산지의 표시기준은 별표 1과 같다.\n2.   ② 제1항에서 규정한 사항 외에 원산지의 표시기준에 관하여 필요한 사항은 농림수산식품부장관이 정하여 고시한다.\n\n##### 농수산물의 원산지 표시에 관한 법률 시행령 [별표 1] 원산지의 표시기준(제5조제1항 관련)| 개정 2012.1.25\n\n1.   1. 농수산물 \n    *   가. 국산 농수산물 \n        1.   1) 국산 농산물: \"국산\"이나 \"국내산\" 또는 그 농산물을 생산·채취·사육한 지역의 시·도명이나 시·군·자치구(이하 \"시·군·구\"라 한다)명을 표시한다. \n\n        3.   2) 국산 수산물: \"국산\"이나 \"국내산\" 또는 \"연근해산\"으로 표시한다. 다만, 양식 수산물이나 연안정착성 수산물 또는 내수면 수산물의 경우에는 해당 수산물을 생산·채취·양식·포획한 지역의 시·도명이나 시·군·구명을 표시할 수 있다. \n\n    *   나. 원양산 수산물 \n        1.   1) 「원양산업발전법」제6조제1항에 따라 원양어업의 허가를 받은 어선이 해외수역에서 어획하여 국내에 반입한 수산물은 \"원양산\"으로 표시하거나 \"원양산\" 표시와 함께 \"태평양\", \"대서양\", \"인도양\", \"남빙양\", \"북빙양\"의 해역명을 표시한다. \n        2.   2) 1)에 따른 표시 외에 연안국 법령에 따라 별도로 표시하여야 하는 사항이 있는 경우에는 1)에 따른 표시와 함께 표시할 수 있다.\n\n    *   다. 원산지가 다른 동일 품목을 혼합한 농수산물 \n        1.   1) 국산 농수산물로서 그 생산 등을 한 지역이 각각 다른 동일 품목의 농수산물을 혼합한 경우에는 혼합 비율이 높은 순서로 3개 지역까지의 시·도명 또는 시·군·구명과 그 혼합 비율을 표시하거나 \"국산\", \"국내산\" 또는 \"연근해산\"으로 표시한다.\n        2.   2) 동일 품목의 국산 농수산물과 국산 외의 농수산물을 혼합한 경우에는 혼합비율이 높은 순서로 3개 국가(지역, 해역 등)까지의 원산지와 그 혼합비율을 표시한다.\n\n    *   라. 2개 이상의 품목을 포장한 수산물: 서로 다른 2개 이상의 품목을 용기에 담아 포장한 경우에는 혼합 비율이 높은 2개까지의 품목을 대상으로 가목2), 나목 및 제2호의 기준에 따라 표시한다.\n\n2.   2. 수입 농수산물과 그 가공품 및 반입 농수산물과 그 가공품 \n    *   가. 수입 농수산물과 그 가공품(이하 “수입농수산물등”이라 한다)은 「대외무역법」에 따른 통관 시의 원산지를 표시한다.\n    *   나. 「남북교류협력에 관한 법률」에 따라 반입한 농수산물과 그 가공품(이하 “반입농수산물등”이라 한다)은 같은 법에 따른 반입 시의 원산지를 표시한다.\n\n3.   3. 농수산물 가공품(수입농수산물등 또는 반입농수산물등을 국내에서 가공한 것을 포함한다) \n    *   가. 사용된 원료의 원산지를 제1호 및 제2호의 기준에 따라 표시한다.\n    *   나. 원산지가 다른 동일 원료를 혼합하여 사용한 경우에는 혼합 비율이 높은 순서로 2개 국가(지역, 해역 등)까지의 원료 원산지와 그 혼합 비율을 각각 표시한다.\n    *   다. 원산지가 다른 동일 원료의 원산지별 혼합 비율이 변경된 경우로서 그 어느 하나의 변경의 폭이 최대 15퍼센트 이하이면 종전의 원산지별 혼합 비율이 표시된 포장재를 혼합 비율이 변경된 날부터 1년의 범위에서 사용할 수 있다.\n    *   라. 사용된 원료(물, 식품첨가물 및 당류는 제외한다)의 원산지가 모두 국산일 경우에는 원산지를 일괄하여 “국산”이나 “국내산” 또는 “연근해산”으로 표시할 수 있다.\n    *   마. 원료의 수급 사정으로 인하여 원료의 원산지 또는 혼합 비율이 자주 변경되는 경우로서 다음의 어느 하나에 해당하는 경우에는 농림수산식품부장관이 정하여 고시하는 바에 따라 원료의 원산지와 혼합 비율을 표시할 수 있다. \n        1.   1) 특정 원료의 원산지나 혼합 비율이 최근 3년 이내에 연평균 3개국(회) 이상 변경되거나 최근 1년 동안에 3개국(회) 이상 변경된 경우\n        2.   2) 정부가 농수산물 가공품의 원료로 공급하는 수입쌀을 사용하는 경우\n        3.   3) 그 밖에 농림수산식품부장관이 필요하다고 인정하여 고시하는 경우\n\n##### 농수산물의 원산지 표시에 관한 법률 시행규칙| 농림수산식품부령 제158호, 2010.11.26, 타법개정\n\n###### 제3조(원산지의 표시방법)\n\n「농수산물의 원산지 표시에 관한 법률」(이하 \"법\"이라 한다) 제5조제4항에 따른 원산지의 표시방법은\n\n 다음 각 호의 구분과 같다.\n\n1.   1. 법 제5조제1항에 따라 원산지를 표시하여야 하는 경우: 영 제5조의 원산지의 표시기준에 따라 표시하되, 세부적인 표시방법은 별표 1부터 별표 3까지에 따를 것\n2.   2. 생략\n\n##### 농수산물의 원산지 표시에 관한 법률 시행규칙 [별표3] 통신판매의 경우 원산지 표시방법(제3조 제1호 관련)\n\n1.   1. 일반적인 표시방법 \n    *   가. 표시는 한글로 하되, 필요한 경우에는 한글 옆에 한문 또는 영문 등으로 추가하여 표시할 수 있다. 다만, 매체 특성상 문자로 표시할 수 없는 경우에는 말로 표시하여야 한다.\n    *   나. 원산지를 표시할 때에는 소비자가 혼란을 일으키지 않도록 글자로 표시할 경우에는 글자의 위치∙크기 및 색깔은 쉽게 알아 볼 수 있어야 하고, 말로 표시할 경우에는 말의 속도 및 소리의 크기는 제품을 설명하는 것과 같아야 한다.\n    *   다. 원산지가 같은 경우에는 일괄하여 표시할 수 있다.\n\n2.   2. 개별적인 표시방법 \n    *   가. 전자매체 이용 \n        1.   1) 글자로 표시할 수 있는 경우 (인터넷, PC통신, 케이블TV, IPTV. TV 등) \n            *   가) 표시 위치: 제품명 또는 가격표시 주위에 표시하거나 매체의 특성에 따라 자막 또는 별도의 창을 이용할 수 있다.\n            *   나) 표시 시기: 원산지를 표시하여야 할 제품이 화면에 표시되는 시점부터 원산지를 알 수 있도록 표시해야 한다.\n            *   다) 글자 크기: 제품명 또는 가격표시와 같거나 그보다 커야 한다.\n            *   라) 글자색: 제품명 또는 가격표시와 같은 색으로 한다.\n\n        2.   2) 생략\n\n    *   나. 생략\n\n※ 상기 내용엔 생략된 조항이 있을 수 있으며 현재 시행중인 내용이 아닐 수 있습니다. 법령 전문 및 개정사항, 현재 시행 중인 법령은 법제처 국가법령정보센터([https://www.law.go.kr](https://www.law.go.kr/))에서 직접 확인하시기 바랍니다.\n\n##### 친환경농산물\n\n「친환경농업육성법」에 의거 친환경 농산물 인증품이 아닌 농산물에 친환경 농산물 표시 또는 이와 유사한 행위 및 친환경 관련 문구(무농약, 유기농 등)를 기재하여 판매 할 수 없습니다.\n\n‘친환경농산물’이란 합성농약, 화학비료 및 항생·항균제 등 화학자재를 사용하지 아니하거나 사용을 최소화하고 농업·수산업·축산업·임업 부산물의 재활용 등을 통하여 농업생태계와 환경을 유지·보전하면서 생산해 낸 농산물로 국립농산물품질관리원장 또는 관련 인증기관으로부터 ‘친환경농산물인증’을 받은 농산물\n##### 친환경농산물 종류별 표시방법\n\n*   상세 표시방법은 「친환경농업육성법 시행규칙 [별표2] 친환경농산물의 표시(제8조제1항 관련)」<개정 2011.12.30> 또는\n*   [국립농산물품질관리원 홈페이지](https://www.naqs.go.kr/)> 업무소개 > 친환경농산물인증 > 인증표시요령 참조\n\n친환경농산물 종류별표시방법| 인증제도명 | 기존로고 | 새 통합로고(기본색) | 표시문자 |\n| --- | --- | --- | --- |\n| 한글표시 | 영문표시 |\n| 유기농산물 및 유기축산물 | 유기농산물 로고 | 유기농한글표시 로고 | 유기농영문표시 로고 | * 유기농산물∙유기축산물 또는 유기OO (OO은 농사물의 일반적 명칭으로 한다) * 유기재배농산물∙유기재배OO, 유기축산OO 또는 유기농 OO |\n| 무농약농산물 | 무농약농산물 로고 | 무농약한글표시 로고 | 무농약영문표시 로고 | * 무농약농산물 또는 무농약OO * 무농약재배농산물 또는 무농약재배OO |\n| 무항생제축산물 | 무항생제축산물 로고 | 무항생제축산물 한글표시 로고 | 무항생제축산물 영문표시 로고 | * 무항생제축산물, 무항생제OO 또는 무항생제사육OO |\n| 저농약농산물 | 저농약농산물 로고 | * 저농약농산물 또는 저농약OO * 저농약재배농산물 또는 저농약재배OO |\n\n[관련 법령 보기](https://safety.smartstore.naver.com/main/rules/safety/care#)\n\n##### 친환경농업육성법| 법률 제10455호, 2011. 3. 9, 일부개정\n\n###### 제16조(친환경농산물의 분류)\n\n1.   ① 친환경농산물은 생산방법과 사용자재 등에 따라 유기농산물과 무농약농산물(축산물의 경우 무항생제축산물이라 한다)로 분류한다.\n2.   ② 삭제 <2011.3.9>\n\n[전문개정 2009.4.1]\n\n###### 제17조(친환경농산물의 인증)\n\n1.   ① 농림수산식품부장관은 친환경농업의 육성과 소비자보호를 위하여 농산물이 제16조제1항에 따른 친환경농산물임을 인증할 수 있다.\n2.   ② 제1항에 따라 친환경농산물의 인증을 받은 친환경농산물(이하 \"인증품\"이라 한다)의 포장·용기 등에 농림수산식품부령으로 정하는 바에 따라 친환경농산물의 도형 또는 문자의 표시(이하 \"친환경농산물표시\"라 한다)를 할 수 있다. 이 경우 농림수산식품부령으로 정하는 바에 따라 인증번호, 품목 및 생산지 등의 관련 정보를 함께 표시하여야 한다. <개정 2011.3.9>\n3.   ③ 제1항에 따른 친환경농산물의 인증기준 등에 필요한 사항은 농림수산식품부령으로 정한다\n\n[전문개정 2009.4.1]\n\n###### 제17조의5(부정행위의 금지 등)\n\n누구든지 다음 각 호의 어느 하나에 해당하는 행위를 하여서는 아니 된다.\n\n1.   1. 거짓이나 그 밖의 부정한 방법으로 친환경농산물인증을 받는 행위\n2.   2. 인증품이 아닌 농산물에 친환경농산물표시 또는 이와 유사한 표시(친환경농산물로 오인될 우려가 있는 외국어표시를 포함한다. 이하 같다)를 하거나, 인증품에 친환경농산물인증을 받은 내용과 다르게 표시를 하는 행위\n3.   3. 인증품에 인증품이 아닌 농산물을 혼합하여 판매하는 행위 또는 판매할 목적으로 보관·운반 또는 진열하는 행위\n4.   4. 친환경농산물표시 또는 이와 유사한 표시를 한 인증품이 아닌 농산물 또는 친환경농산물인증을 받은 내용과 다르게 표시를 한 농산물임을 알고 그 농산물을 판매하는 행위 또는 판매할 목적으로 보관·운반 또는 진열하는 행위\n5.   5. 인증품이 아닌 농산물을 제16조제1항에 따른 친환경농산물로 광고하거나 친환경농산물인증을 받은 내용과 다르게 인증품을 광고하는 행위\n\n[전문개정 2009.4.1]\n\n###### 제25조(벌칙)\n\n다음 각 호의 어느 하나에 해당하는 자는 3년 이하의 징역 또는 3천만원 이하의 벌금에 처한다. <개정 2011.3.9>\n\n1.   1. 제17조의5제1호를 위반하여 거짓이나 그 밖의 부정한 방법으로 친환경농산물인증을 받은 자\n2.   2. 제17조의5제2호를 위반하여 친환경농산물표시 또는 이와 유사한 표시를 하거나 친환경농산물인증을 받은 내용과 다르게 표시를 한 자\n3.   3. 제17조의5제3호를 위반하여 인증품에 인증품이 아닌 농산물을 혼합하여 판매한 자 또는 판매할 목적으로 보관·운반 또는 진열한 자\n4.   4. 제17조의5제4호를 위반하여 친환경농산물표시 또는 이와 유사한 표시를 한 인증품이 아닌 농산물 또는 친환경농산물인증을 받은 내용과 다르게 표시한 농산물임을 알고 그 농산물을 판매한 자 또는 판매할 목적으로 보관·운반 또는 진열한 자\n5.   5. 제17조의5제5호를 위반하여 인증품이 아닌 농산물을 제16조제1항에 따른 친환경농산물로 광고하거나 친환경농산물인증을 받은 내용과 다르게 인증품을 광고한 자\n6.   6. ~ 12. 생략\n\n[전문개정 2009.4.1]\n\n##### 친환경농업육성법 시행규칙| 농림수산식품부령 제236호, 2011.12.30, 일부개정\n\n###### 제8조(친환경농산물표시)\n\n1.   ① 법 제17조제2항의 규정에 의한 친환경농산물표시는 별표 2와 같다.\n2.   ② 제1항에 따른 친환경농산물표시를 하려는 자는 친환경농산물표시와 함께 친환경농산물인증을 받은 자의 성명·전화번호, 인증번호, 품목, 생산지, 생산연도(곡류에 한한다) 및 무게 또는 개수 등을 소비자가 알아보기 쉽게 친환경농산물의 인증을 받은 친환경농산물(이하 \"인증품\"이라 한다)의 포장 또는 용기에 표시하여야 한다. 다만, 포장을 하지 아니하고 판매하거나 낱개로 판매하는 경우에는 해당 인증품에 스티커를 부착하거나 표시판 또는 푯말로 이를 표시할 수 있다.\n\n<개정 2007.3.28, 2009.12.14, 2011.10.13>\n3.   ③ 인증품의 포장을 뜯어 내용물이나 포장단위를 변경하거나 가공하지 아니한 상태로 단순 처리한 후 다시 포장(이하 \"재포장\"이라 한다)하여 제1항에 따른 친환경농산물표시를 하려는 자(이하 \"취급자\"라 한다)는 제2항에 따른 표시와 함께 취급자의 업체명, 전화번호, 작업장 주소와 롯트번호 또는 바코드 등의 식별체계를 표시하여야 한다.\n\n<신설 2007.3.28, 2009.12.14>\n4.   ④ 제1항부터 제3항까지의 규정에 따른 친환경농산물 표시의 세부적인 사항과 인증번호 또는 인증기관 변경에 따라 친환경농산물 표시사항이 변경된 경우에 이미 제작된 포장재의 사용 가능한 기간은 국립농산물품질관리원장이 정하는 바에 따른다.\n\n<신설 2011.10.13>\n\n※ 상기 내용엔 생략된 조항이 있을 수 있으며 현재 시행중인 내용이 아닐 수 있습니다. 법령 전문 및 개정사항, 현재 시행 중인 법령은 법제처 국가법령정보센터([https://www.law.go.kr](https://www.law.go.kr/))에서 직접 확인하시기 바랍니다.\n\n##### 건강기능식품\n\n「건강기능식품에 관한 법률」에 의거 건강기능식품을 제조하는 경우에는 식품의약품안전청장의 허가를 받아야 하며, 수입 및 판매를 하는 경우에도 각각 식품의약품안정청장 및 시장·군수·구청장에게 신고를 하여야 합니다.\n\n‘건강기능식품’이란 인체에 유용한 기능성을 가진 원료나 성분을 사용하여 제조·가공한 식품\n##### 건강기능식품의 표시기준\n\n건강기능식품의 용기·포장에는 다음의 사항을 표시하여야 합니다.\n\n*   건강기능식품이라는 문자 또는 건강기능식품임을 나타내는 도형 건강기능식품도형\n*   기능성분 또는 영양소 및 그 영양권장량에 대한 비율(영양권장량이 설정된 것에 한함)\n*   섭취량 및 섭취방법, 섭취 시 주의사항\n*   유통기한 및 보관방법\n*   질병의 예방 및 치료를 위한 의약품이 아니라는 내용의 표현\n*   그 밖에 식품의약품안전청장이 정하는 사항 ※ 세부 표시기준 및 방법은 식품의약품안전청 고시 제2011-19호 「건강기능식품의 표시기준」 참고\n\n##### 판매가 금지되는 상품\n\n*   인체의 건강을 해칠 우려가 있는 위해 건강기능식품\n*   영업허가를 받지 않은 자가 제조한 것\n*   수입이 금지된 것 또는 수입신고를 하지 않고 수입한 것\n*   기준∙규격에 위반되는 건강기능식품\n*   표시기준을 위반하는 건강기능식품\n*   건강기능식품이 아니면서 건강기능식품으로 오인될 우려가 있는 표시를 한 상품\n\n[관련 법령 보기](https://safety.smartstore.naver.com/main/rules/safety/care#)\n\n##### 건강기능식품에 관한 법률| 법률 제10219호, 2010. 3.31, 타법개정\n\n###### 제4조(영업의 종류 및 시설기준)\n\n1.   ① 다음 각호의 1에 해당하는 영업을 하고자 하는 자는 보건복지부령이 정하는 기준에 적합한 시설을 갖추어야 한다.\n\n<개정 2008.2.29, 2010.1.18>\n    1.   1. 건강기능식품제조업\n    2.   2. 건강기능식품수입업\n    3.   3. 건강기능식품판매업\n\n2.   ② 제1항의 규정에 의한 영업의 세부종류와 그 범위는 대통령령으로 정한다.\n\n###### 제5조(영업의 허가 등)\n\n1.   ① 제4조제1항제1호의 규정에 의한 건강기능식품제조업을 하고자 하는 자는 보건복지부령이 정하는 바에 따라 영업소별로 제4조의 규정에 의한 시설을 갖추고 식품의약품안전청장의 허가를 받아야 한다. 대통령령이 정하는 사항을 변경하고자 하는 때에도 또한 같다. <개정 2008.2.29, 2010.1.18>\n2.   ② 제1항의 규정에 의하여 허가를 받은 자가 그 영업을 폐업하거나 허가받은 사항중 보건복지부령이 정하는 사항을 변경하고자 하는 때에는 식품의약품안전청장에게 신고하여야 한다. <개정 2008.2.29, 2010.1.18>\n3.   ③ 제1항 및 제2항의 규정에 의한 영업의 허가, 변경허가 및 변경신고의 절차 등에 관하여 필요한 사항은 보건복지부령으로 정한다. <개정 2008.2.29, 2010.1.18>\n\n###### 제6조(영업의 신고 등)\n\n1.   ① 제4조제1항제2호에 따라 건강기능식품수입업을 하려는 자는 보건복지부령으로 정하는 바에 따라 영업소별로 제4조에 따른 시설을 갖추고 영업소의 소재지를 관할하는 특별자치도지사·시장·군수·구청장(자치구의 구청장을 말한다. 이하 같다)에게 신고하여야 한다. <개정 2010.3.17>\n2.   ② 제4조제1항제3호의 규정에 의하여 건강기능식품판매업을 하고자 하는 자는 보건복지부령이 정하는 바에 따라 영업소별로 제4조의 규정에 의한 시설을 갖추고 영업소의 소재지를 관할하는 시장·군수·구청장(자치구의 구청장을 말한다. 이하 같다)에게 신고하여야 한다. 다만, 「약사법」 제20조에 따라 개설등록한 약국에서 건강기능식품을 판매하는 경우에는 그러하지 아니하다. <개정 2004.3.22, 2007.4.11, 2008.2.29, 2008.3.21, 2010.1.18>\n3.   ③ 제1항 및 제2항의 규정에 의하여 신고를 한 자가 그 영업을 폐업하거나 보건복지부령이 정하는 사항을 변경하고자 하는 때에는 제1항의 규정에 의하여 신고한 자는 식품의약품안전청장에게, 제2항의 규정에 의하여 신고한 자는 시장·군수·구청장에게 신고하여야 한다. <개정 2008.2.29, 2008.3.21, 2010.1.18>\n4.   ④ 제1항 내지 제3항의 규정에 의한 영업의 신고 및 변경신고의 절차 등에 관하여 필요한 사항은 보건복지부령으로 정한다.\n\n<개정 2008.2.29, 2010.1.18>\n\n###### 제7조(품목제조신고 등)\n\n1.   ① 제5조제1항의 규정에 의하여 건강기능식품제조업의 허가를 받은 자가 건강기능식품을 제조하고자 하는 때에는 그 품목의 제조방법설명서 등 보건복지부령이 정하는 사항을 식품의약품안전청장에게 신고하여야 한다. 신고한 사항중 보건복지부령이 정하는 사항을 변경하고자 하는 때에도 또한 같다. <개정 2008.2.29, 2010.1.18>\n2.   ② 제1항의 규정에 의한 품목제조신고 및 변경신고의 절차 등에 관하여 필요한 사항은 보건복지부령으로 정한다.\n\n<개정 2008.2.29, 2010.1.18>\n\n###### 제8조(건강기능식품의 수입신고 등)\n\n1.   ① 영업상 사용하기 위하여 건강기능식품을 수입하고자 하는 자는 보건복지부령이 정하는 바에 따라 식품의약품안전청장에게 신고하여야 한다. <개정 2008.2.29, 2010.1.18>\n2.   ② 식품의약품안전청장은 보건복지부령이 정하는 사유가 있는 경우에는 제1항의 규정에 의하여 신고된 건강기능식품에 대하여 통관절차 완료전에 관계공무원 또는 검사기관으로 하여금 필요한 검사를 하게 하여야 한다. <개정 2008.2.29, 2010.1.18>\n3.   ③ 식품의약품안전청장은 제1항의 규정에 의하여 신고된 건강기능식품이 다음 각호의 1에 해당하는 경우에는 제2항의 규정에 불구하고 검사의 전부 또는 일부를 생략할 수 있다. <개정 2008.2.29, 2010.1.18>\n    1.   1. 제4조, 제14조, 제15조 및 제17조의 규정에 의한 시설기준 및 기준·규격 등에 적합하고, 제18조 및 제23조 내지 제25조의 규정에 의한 광고 및 판매금지 사유에 해당하지 아니 한다고 식품의약품안전청장이 사전에 확인하여 고시\n\n(이하 \"수입건강기능식품사전확인등록\"이라 한다)한 경우\n    2.   2. 식품위생법 제18조의 규정에 의하여 식품의약품안전청장이 지정한 식품위생검사기관(이하 \"검사기관\"이라 한다) 또는 식품의약품안전청장이 인정하여 고시한 국외 검사기관에서 검사를 받아 그 검사성적서 또는 검사증명서를 제출하는 경우\n    3.   3. 그 밖에 제1호 및 제2호에 준하는 사항으로서 보건복지부령이 정하는 사유에 해당하는 경우\n\n4.   ④ 제1항의 규정에 의한 수입신고의 절차, 제2항의 규정에 의한 검사의 종류·대상·검사방법 및 제3항의 규정에 의한 수입건강기능식품사전확인등록의 기준·인정절차 등에 관하여 필요한 사항은 보건복지부령으로 정한다. <개정 2008.2.29, 2010.1.18>\n\n###### 제16조(기능성 표시·광고의 심의)\n\n1.   ① 건강기능식품의 기능성 표시·광고를 하고자 하는 자는 식품의약품안전청장이 정한 건강기능식품 표시·광고심의기준, 방법 및 절차에 따라 심의를 받아야 한다.\n2.   ② 식품의약품안전청장은 제1항의 규정에 의한 건강기능식품의 기능성표시·광고심의에 관한 업무를 제28조의 규정에 의하여 설립된 단체에 위탁할 수 있다.\n\n###### 제17조(표시기준)\n\n1.   ① 건강기능식품의 용기·포장에는 다음 각호의 사항을 표시하여야 한다. <개정 2006.10.4>\n    1.   1. 건강기능식품이라는 문자 또는 건강기능식품임을 나타내는 도형\n    2.   2. 기능성분 또는 영양소 및 그 영양권장량에 대한 비율(영양권장량이 설정된 것에 한한다)\n    3.   3. 섭취량 및 섭취방법, 섭취시 주의사항\n    4.   4. 유통기한 및 보관방법\n    5.   5. 질병의 예방 및 치료를 위한 의약품이 아니라는 내용의 표현\n    6.   6. 그 밖에 식품의약품안전청장이 정하는 사항\n\n2.   ② 제1항의 규정에 의한 표시방법 등에 관하여 필요한 사항은 식품의약품안전청장이 정하여 고시한다.\n\n###### 제23조(위해 건강기능식품 등의 판매 등의 금지)\n\n다음 각호의 1에 해당하는 건강기능식품은 이를 판매하거나 판매할 목적으로 제조·수입·사용·저장 또는 운반하거나 진열하지 못한다.\n\n1.   1. 썩었거나 상한 것으로서 인체의 건강을 해할 우려가 있는 것\n2.   2. 유독·유해물질이 들어 있거나 묻어 있는 것 또는 그 염려가 있는 것. 다만, 인체의 건강을 해할 우려가 없다고 식품의약품안전청장이 인정하는 것은 예외로 한다.\n3.   3. 병원미생물에 오염되었거나 그 염려가 있어 인체의 건강을 해할 우려가 있는 것\n4.   4. 불결하거나 다른 물질의 혼입 또는 첨가 그 밖의 사유로 인체의 건강을 해할 우려가 있는 것\n5.   5. 제5조제1항의 규정에 의하여 영업허가를 받아야 하는 경우에 허가를 받지 아니한 자가 제조한 것\n6.   6. 수입이 금지된 것 또는 제8조의 규정에 의하여 수입신고를 하여야 하는 경우에 신고를 하지 아니하고 수입한 것\n\n###### 제24조(기준ㆍ규격 위반 건강기능식품의 판매 등의 금지)\n\n1.   ① 영업자는 제14조제1항 및 제2항의 규정에 의하여 기준과 규격이 정하여진 건강기능식품을 그 기준에 의하여 제조·사용·보존하여야 하며, 그 기준과 규격에 맞지 아니하는 건강기능식품을 판매하거나 판매의 목적으로 제조·수입·사용·저장·운반·보존 또는 진열하여서는 아니된다.\n2.   ②영업자는 의약품의 용도로만 사용되는 원료를 사용하거나 배합·혼합비율·함량이 의약품과 같거나 유사한 건강기능식품을 제조하거나 그러한 건강기능식품을 수입·판매 또는 진열하여서는 아니된다.\n3.   ③제2항의 규정에 의한 의약품의 용도로만 사용되는 원료 및 유사한 건강기능식품 등에 관한 구체적인 기준과 범위는 식품의약품안전청장이 정한다.\n\n###### 제25조(표시기준 위반 건강기능식품의 판매 등의 금지)\n\n영업자는 제17조의 규정에 의한 표시기준을 위반한 건강기능식품을 판매하거나 판매의 목적으로 제조·수입·진열·운반 또는 사용하여서는 아니된다.\n\n###### 제26조(유사표시 등의 금지)\n\n건강기능식품이 아닌 것은 그 용기·포장에 인체의 구조 및 기능에 대한 식품영양학적·생리학적 기능 및 작용 등이 있는 것으로 오인될 우려가 있는 표시를 하거나 이와 같은 내용의 광고를 하여서는 아니되며, 이와 같은 건강기능식품과 유사하게 표시되거나 광고되는 것을 판매하거나 판매의 목적으로 저장 또는 진열하여서는 아니된다.\n\n###### 제43조(벌칙)\n\n제5조제1항 및 제23조의 규정을 위반한 자는 7년 이하의 징역 또는 1억원 이하의 벌금에 처한다. 이 경우 징역과 벌금을 병과할 수 있다.\n\n###### 제44조(벌칙)\n\n다음 각호의 1에 해당하는 자는 5년 이하의 징역 또는 5천만원 이하의 벌금에 처한다. 이 경우 징역과 벌금을 병과할 수 있다.\n\n1.   1. 제6조제1항 또는 제2항의 규정에 의한 영업신고를 하지 아니하고 영업을 한 자\n2.   2. 제7조제1항 전단의 규정에 의한 품목제조신고를 하지 아니하고 제품을 제조·판매한 자\n3.   3. ~ 6. 생략\n4.   7. 제24조 내지 제26조의 규정에 위반하여 판매 등을 한 자\n5.   8.. 9. 생략\n\n###### 제45조(벌칙)\n\n다음 각호의 1에 해당하는 자는 3년 이하의 징역 또는 3천만원 이하의 벌금에 처한다.\n\n1.   1. 제4조의 규정에 의한 시설기준을 위반한 영업자\n2.   2., 3. 생략\n3.   4. 제12조제1항의 규정에 의한 품질관리인을 고용하지 아니한 자\n4.   5. ~ 8. 생략\n\n※ 상기 내용엔 생략된 조항이 있을 수 있으며 현재 시행중인 내용이 아닐 수 있습니다. 법령 전문 및 개정사항, 현재 시행 중인 법령은 법제처 국가법령정보센터([https://www.law.go.kr](https://www.law.go.kr/))에서 직접 확인하시기 바랍니다.\n\n##### 화장품\n\n「화장품법」에 의거 화장품을 제조하는 경우에는 식품의약품안전청장에게 신고를 하여야 하며, 기능성 화장품은 품목별로 안전성 및 유효성에 관하여 식품의약품안전청장의 심사를 받아야 합니다.\n\n 화장품을 수입하여 판매하고자 하는 경우, 한국의약품수출입협회장에게 표준통관예정보고서를 제출하고 통관하여야 하며, 제조번호별로 품질검사를 하고 합격된 제품에 한하여 출고를 하여야 합니다.\n\n 멸종위기에 처한 야생 동·식물종의 국제거래에 관한 협약(CITES)에 의한 동·식물 가공품이 함유된 화장품을 제조·수입 또는 국내에 반입하고자 할 경우에는 보건복지부령이 정하는 바에 의하여 식품의약품안전청장의 허가를 받아야 합니다.\n\n‘화장품’이란 인체를 청결·미화하여 매력을 더하고 용모를 밝게 변화시키거나 피부·모발의 건강을 유지 또는 증진하기 위하여 인체에 바르고 문지르거나 뿌리는 등 이와 유사한 방법으로 사용되는 물품으로서 인체에 대한 작용이 경미한 것을 말함\n##### ‘기능성화장품’이란\n\n*   피부의 미백에 도움을 주는 제품\n*   피부의 주름개선에 도움을 주는 제품\n*   피부를 곱게 태워주거나 자외선으로부터 피부를 보호하는데 도움을 주는 제품\n\n##### 화장품 전성분 표시제\n\n2008년 10월 18일부터 시행된 ‘화장품 전성분 표시제’에 따라 화장품의 용기 또는 포장 및 첨부문서에는 당해 화장품 제조에 사용된 모든 성분을 표기하여야 함 ※ 화장품 제조에 사용된 성분의 기재 표시방법은 「화장품법 시행규칙 [별표 2의2] 화장품 제조에 사용된 성분의 기재·표시 방법(제13조제5항제1호 관련)」 참고\n\n##### 판매가 금지되는 화장품\n\n*   심사를 받지 않거나 보고서를 제출하지 아니한 기능성 화장품\n*   전부 또는 일부가 변패, 병원 미생물 오염, 이물이 혼입되었거나 부착된 화장품\n*   화장품에 사용할 수 없는 원료를 사용하였거나 유통화장품 안전관리 기주에 적합하지 아니한 화장품\n*   코뿔소 뿔 또는 호랑이 뼈와 그 추출물을 사용한 화장품\n*   등록한 제조판매업자가 아닌 자가 제조(위탁하여 제조하는 경우를 포함)·수입하여 판매한 화장품\n*   화장품 기재·표시를 위반한 화장품 또는 의약품으로 잘못 인식할 우려가 있게 기재·표시된 화장품\n*   판매의 목적이 아닌 제품의 홍보·판매촉진 등을 위하여 미리 소비자가 시험·사용하도록 제조 또는 수입된 화장품\n*   화장품의 포장 및 기재·표시 사항을 훼손 또는 위조·변조한 화장품\n\n[관련 법령 보기](https://safety.smartstore.naver.com/main/rules/safety/care#)\n\n##### 화장품법| 법률 제10219호, 2010. 3.31, 타법개정\n\n###### 제3조(제조판매업의 등록 등)\n\n1.   ① 화장품의 전부 또는 일부(포장 또는 표시만의 공정을 포함한다)를 제조하려는 자(이하 \"제조업자\"라 한다)와 그 제조(위탁하여 제조하는 경우를 포함한다)한 화장품 또는 수입한 화장품을 유통·판매하거나 수입대행형 거래를 목적으로 알선·수여하려는 자(이하 \"제조판매업자\"라 한다)는 보건복지부령으로 정하는 바에 따라 각각 식품의약품안전청장에게 등록하여야 한다. 등록한 사항 중 보건복지부령으로 정하는 중요한 사항을 변경할 때에도 또한 같다. \n2.   ② 생략\n3.   ③ 제1항에 따라 등록을 하려는 제조업자는 보건복지부령으로 정하는 바에 따라 적합한 시설을 갖추어야 한다. 다만, 화장품의 일부 공정만을 제조하는 등 보건복지부령으로 정하는 경우에 해당하는 때에는 시설의 일부를 갖추지 아니할 수 있다.\n4.   ④ 제1항에 따른 제조판매업자가 제조판매업을 등록하려고 할 때에는 보건복지부령으로 정하는 화장품의 품질관리 및 제조판매 후 안전관리에 적합한 기준을 갖추어야 하며, 이를 관리할 수 있는 관리자(이하 \"제조판매관리자\"라 한다)를 두어야 한다.\n5.   ⑤ 제1항부터 제4항까지의 규정에 따른 등록 등에 관한 절차 또는 제조판매관리자의 자격기준과 직무 등에 관하여 필요한 사항은 보건복지부령으로 정한다.\n\n###### 제4조(기능성화장품의 심사 등)\n\n1.   ① 기능성화장품을 제조 또는 수입하여 판매하려는 제조판매업자는 품목별로 안전성 및 유효성에 관하여 식품의약품안전청장의 심사를 받거나 식품의약품안전청장에게 보고서를 제출하여야 한다. 심사받은 사항을 변경하고자 할 때에도 또한 같다.\n2.   ② 제1항에 따른 유효성에 관한 심사는 제2조제2호 각 목에 규정된 효능·효과에 한하여 실시한다.\n3.   ③ 제1항에 따른 심사를 받으려는 자는 보건복지부령으로 정하는 바에 따라 그 심사에 필요한 자료를 식품의약품안전청장에게 제출하여야 한다.\n4.   ④ 제1항 및 제2항에 따른 심사 또는 보고서 제출의 대상과 절차 등에 관하여 필요한 사항은 보건복지부령으로 정한다.\n\n###### 제5조(제조판매업자 등의 의무 등)\n\n1.   ① 제조판매업자는 화장품의 품질관리, 제조판매 후 안전관리, 그 밖에 제조판매에 관하여 보건복지부령으로 정하는 사항을 준수하여야 한다.\n2.   ② 제조업자는 화장품의 제조에 관하여 보건복지부령으로 정하는 사항을 준수하여야 한다.\n3.   ③ 제조판매업자는 보건복지부령으로 정하는 바에 따라 화장품의 생산실적 또는 수입실적, 화장품의 제조과정에 사용된 원료의 목록 등을 식품의약품안전청장에게 보고하여야 한다.\n4.   ④ 식품의약품안전청장은 국민 건강상 위해를 방지하기 위하여 필요하다고 인정하면 제조업자, 제조판매업자 및 제조판매관리자에게 화장품의 안전성 확보 및 품질관리에 관한 교육을 받을 것을 명할 수 있다.\n5.   ⑤ 제4항에 따른 교육의 실시 기관, 내용 및 대상 등에 관하여 필요한 사항은 보건복지부령으로 정한다.\n\n###### 제7조(멸종위기에 처한 야생 동식물의 국제무역 등)\n\n「 멸종위기에 처한 야생동식물종의 국제거래에 관한 협약」에 따른 동식물 가공품이 포함되어 있는 화장품이나 화장품 원료를 수입 또는 국내에 반입하거나 수출하고자 하는 자는 보건복지부령으로 정하는 바에 따라 식품의약품안전청장의 허가를 받아야 한다.\n\n###### 제10조(화장품의 기재사항)\n\n1.   ① 화장품의 1차 포장 또는 2차 포장에는 보건복지부령으로 정하는 바에 따라 다음 각 호의 사항을 기재·표시하여야 한다. 다만, 보건복지부령으로 정하는 포장에는 화장품의 명칭과 제조판매업자의 상호 및 가격만을 기재·표시할 수 있다. \n    1.   1. 화장품의 명칭\n    2.   2. 제조업자 및 제조판매업자의 상호 및 주소\n    3.   3. 해당 화장품 제조에 사용된 모든 성분(인체에 무해한 소량 함유 성분 등 보건복지부령으로 정하는 성분은 제외한다)\n    4.   4. 내용물의 용량 또는 중량\n    5.   5. 제조번호\n    6.   6. 사용기한 또는 개봉 후 사용기간(개봉 후 사용기간을 기재할 경우에는 제조연월일을 병행 표기하여야 한다. 이하 제2항제4호에서 같다)\n    7.   7. 가격\n    8.   8. 기능성화장품의 경우 \"기능성화장품\"이라는 글자\n    9.   9. 사용할 때의 주의사항\n    10.   10. 그 밖에 보건복지부령으로 정하는 사항\n\n2.   ① 화장품의 1차 포장 또는 2차 포장에는 보건복지부령으로 정하는 바에 따라 다음 각 호의 사항을 기재·표시하여야 한다. 다만, 보건복지부령으로 정하는 포장에는 화장품의 명칭과 제조판매업자의 상호 및 가격만을 기재·표시할 수 있다. \n    1.   1. 화장품의 명칭\n    2.   2. 제조업자 및 제조판매업자의 상호\n    3.   3. 제조번호\n    4.   4. 사용기한 또는 개봉 후 사용기간\n\n3.   ③ 제1항에 따른 기재사항을 화장품의 용기 또는 포장에 표시할 때 제품의 명칭, 제조업자 및 제조판매업자의 상호는 시각장애인을 위한 점자 표시를 병행할 수 있다.\n4.   ④ 제1항 및 제2항에 따른 표시기준과 표시방법 등은 보건복지부령으로 정한다.\n\n###### 제11조(화장품의 가격표시)\n\n1.   ① 제10조제1항제7호에 따른 가격은 소비자에게 화장품을 직접 판매하는 자(이하 \"판매자\"라 한다)가 판매하려는 가격을 표시하여야 한다.\n2.   ② 제1항에 따른 표시방법과 그 밖에 필요한 사항은 보건복지부령으로 정한다.\n\n###### 제12조(기재·표시상의 주의)\n\n제10조 및 제11조에 따른 기재·표시는 다른 문자 또는 문장보다 쉽게 볼 수 있는 곳에 하여야 하며, 보건복지부령으로 정하는 바에 따라 읽기 쉽고 이해하기 쉬운 한글로 정확히 기재·표시하여야 하되, 한자 또는 외국어를 함께 기재할 수 있다.\n\n###### 제15조(제조판매의 금지)\n\n누구든지 다음 각 호의 어느 하나에 해당하는 화장품을 판매하거나 판매할 목적으로 제조·수입·보관 또는 진열하여서는 아니 된다.\n\n1.   1. 제4조에 따른 심사를 받지 아니하거나 보고서를 제출하지 아니한 기능성화장품\n2.   2. 전부 또는 일부가 변패(變敗)된 화장품\n3.   3. 병원미생물에 오염된 화장품\n4.   4. 이물이 혼입되었거나 부착된 것\n5.   5. 제8조제1항 또는 제2항에 따른 화장품에 사용할 수 없는 원료를 사용하였거나 같은 조 제5항에 따른 유통화장품 안전관리 기준에 적합하지 아니한 화장품\n6.   6. 코뿔소 뿔 또는 호랑이 뼈와 그 추출물을 사용한 화장품\n7.   7. 보건위생상 위해가 발생할 우려가 있는 비위생적인 조건에서 제조되었거나 제3조제3항에 따른 시설기준에 적합하지 아니한 시설에서 제조된 것\n8.   8. 용기나 포장이 불량하여 해당 화장품이 보건위생상 위해를 발생할 우려가 있는 것\n9.   9. 제10조제1항제6호에 따른 사용기한 또는 개봉 후 사용기간(병행 표기된 제조연월일을 포함한다)을 위조·변조한 화장품\n\n###### 제16조(판매 등의 금지)\n\n1.   ① 누구든지 다음 각 호의 어느 하나에 해당하는 화장품을 판매하거나 판매할 목적으로 보관 또는 진열하여서는 아니 된다. 다만, 제3호의 경우에는 소비자에게 판매하는 화장품에 한한다. \n    1.   1. 등록한 제조판매업자가 아닌 자가 제조(위탁하여 제조하는 경우를 포함한다)·수입하여 판매한 화장품\n    2.   2. 제10조부터 제12조까지에 위반되는 화장품 또는 의약품으로 잘못 인식할 우려가 있게 기재·표시된 화장품\n    3.   3. 판매의 목적이 아닌 제품의 홍보·판매촉진 등을 위하여 미리 소비자가 시험·사용하도록 제조 또는 수입된 화장품\n    4.   4. 화장품의 포장 및 기재·표시 사항을 훼손 또는 위조·변조한 것\n\n2.   ② 누구든지 화장품의 용기에 담은 내용물을 나누어 판매하여서는 아니 된다.\n\n###### 제35조(벌칙)\n\n1.   ① 제7조를 위반한 자는 5년 이하의 징역 또는 2천만원 이하의 벌금에 처한다.\n2.   ② 제1항의 징역형과 벌금형은 이를 함께 부과할 수 있다.\n\n###### 제36조(벌칙)\n\n1.   ① 다음 각 호의 어느 하나에 해당하는 자는 3년 이하의 징역 또는 1천만원 이하의 벌금에 처한다. \n    1.   1. 제3조제1항 전단을 위반한 자\n    2.   2. 제4조제1항 전단을 위반한 자\n    3.   3. 제15조를 위반한 자\n    4.   4. 제16조제1항제1호 또는 제4호를 위반한 자\n\n2.   ② 제1항의 징역형과 벌금형은 이를 함께 부과할 수 있다.\n\n##### 화장품법 시행규칙| 보건복지부령 제50호, 2011. 4. 7, 타법개정\n\n###### 제13조(용기 등의 기재·표시사항)\n\n1.   ① 법 제10조제1항 단서에 따라 다음 각 호에 해당하는 용기 또는 포장은 명칭, 상호 및 가격만을 기재·표시할 수 있다. 다만, 견본이나 비매품의 표시가 있는 화장품의 경우에는 가격을 기재하지 아니할 수 있다. \n    1.   1. 내용량이 15밀리리터 이하 또는 15그램 이하인 화장품의 용기 또는 포장\n    2.   2. 판매의 목적이 아닌 제품 선택 등을 위하여 미리 소비자가 시험·사용하도록 제조 또는 수입된 화장품의 용기 또는 포장\n\n2.   ② 법 제10조제1항제3호에 따라 기재·표시를 생략할 수 있는 해당 화장품의 제조에 사용된 성분이란 다음 각 호의 성분을 말한다. \n    1.   1. 제조과정 중에 제거되어 최종 제품에는 남아 있지 않은 성분\n    2.   2. 안정화제, 보존제 등 원료 자체에 들어 있는 부수 성분으로서 그 효과를 나타나게 하는 양보다 적은 양이 들어 있는 성분\n    3.   3. 내용량이 50밀리리터 이하 또는 50그램 이하인 화장품의 용기 또는 포장(제1항제1호의 용기 또는 포장을 제외한다)인 경우에는 다음 각 목의 성분을 제외한 성분 \n        *   가. 타르색소\n        *   나. 금박\n        *   다. 샴푸와 린스에 들어 있는 인산염의 종류\n        *   라. 과일산(AHA)\n        *   마. 기능성화장품의 경우 그 효능·효과를 나타나게 하는 원료\n        *   바. 식품의약품안전청장이 배합 한도를 고시한 화장품의 원료\n\n3.   ③ 제조업자 또는 수입자는 제1항 및 제2항제3호에 따라 해당 화장품의 제조에 사용된 성분의 기재·표시를 생략하려는 경우에는 다음 각 호의 어느 하나에 해당하는 방법으로 생략된 성분을 확인할 수 있도록 하여야 한다. \n    1.   1. 소비자가 법 제10조제1항제3호에 따른 모든 성분을 즉시 확인할 수 있도록 용기 또는 포장에 전화번호나 홈페이지 주소를 적을 것\n    2.   2. 법 제10조제1항제3호에 따른 모든 성분이 적힌 책자 등의 인쇄물을 판매업소에 늘 갖추어 둘 것\n\n4.   ④ 법 제10조제1항제9호에 따라 화장품의 용기 또는 포장에 기재하여야 하는 사항은 다음과 같다. <개정 2010.3.19>\n    1.   1. 성분명을 제품 명칭의 일부로 사용한 경우에는 그 성분명과 함량(방향용 제품을 제외한다)\n    2.   2. 기능성화장품의 경우에는 심사받은 효능·효과, 용법·용량 및 사용상의 주의사항. 다만, 제6조제7항 각 호에 따른 기능성화장품인 경우에는 다음 각 목의 구분에 따른 사항 \n        1.   가. 제6조제7항제1호의 기능성화장품: 식품의약품안전청장이 법 제9조에 따라 고시한 효능·효과와 용법·용량 및 별표 2에 따른 사용상의 주의사항\n        2.   나. 제6조제7항제2호의 기능성화장품: 같은 업소에서 이미 심사를 받은 품목의 효능·효과, 용법·용량 및 사용상의 주의사항\n\n    3.   3. 기능성화장품이 아닌 경우에는 별표 2에 따른 사용상의 주의사항\n    4.   4. 보건복지부장관이 정하는 바코드\n    5.   5. 제2항제3호나목의 금박의 경우에는 그 함량\n    6.   6. 제2항제3호다목의 샴푸와 린스에 들어 있는 인산염의 경우에는 그 함량\n    7.   7. 제2항제3호라목의 과일산 성분이 10퍼센트 넘게 들어 있는 경우에는 그 함량\n    8.   8. 수입화장품인 경우에는 제조국의 명칭, 제조회사명 및 그 주소\n    9.   9. 수입자와 수입화장품의 판매자가 다른 경우에는 판매자의 상호 및 그 주소\n\n5.   ⑤ 법 제10조제3항에 따라 해당 화장품의 용기 또는 포장 및 첨부문서에 기재·표시하는 방법은 다음 각 호의 구분에 따른다.\n\n<개정 2010.3.19>\n    1.   1. 해당 화장품의 제조에 사용된 성분을 용기 또는 포장 및 첨부분서(첨부문서가 있는 경우만 해당한다)에 기재·표시하는 방법은 별표 2의2와 같다.\n    2.   2. 해당 화장품을 소비자에게 직접 판매하려는 자는 그 제품의 용기나 포장에 판매하려는 가격을 일반 소비자가 알기 쉬운 방법으로 표시하되, 그 세부적인 표시방법은 보건복지부장관이 정하여 고시한다.\n\n[전문개정 2008.9.11]\n\n###### 제14조(기재·표시상의 주의사항)\n\n법 제11조의 규정에 의한 화장품의 용기나 포장 또는 첨부문서의 기재·표시상의 준수사항은 다음 각호와 같다.\n\n1.   1. 한글로 읽기 쉽도록 기재하되, 한자 또는 외국어를 함께 기재할 수 있다. 다만, 수출용 제품 등에 있어서는 그 수출 대상국의 언어로 기재할 수 있다.\n2.   2. 화장품의 원료성분을 표시하는 때에는 일반명(법 제9조의 규정에 의하여 식품의약품안전청장이 정하여 고시한 품질 등에 관한 규격 기준의 영문명을 포함한다)을 사용하여야 한다.\n\n##### 화장품법 시행규칙 [별표 2의2] 화장품 제조에 사용된 성분의 기재·표시 방법(제13조제5항제1호 관련)\n\n| 신설 2008. 9.11\n\n1.   1. 글자의 크기는 5포인트 이상으로 한다.\n2.   2. 화장품의 제조에 사용된 함량이 많은 것부터 기재·표시한다. 다만, 1퍼센트 이하로 사용된 성분, 착향제 또는 착색제는 순서에 상관 없이 기재할 수 있다.\n3.   3. 혼합원료는 혼합된 개별 성분의 명칭을 기재·표시한다.\n4.   4. 색조화장용 제품류, 눈화장용 제품류, 염모용 제품류 또는 손발톱용 제품류에서 호수별로 착색제가 다르게 사용된 경우 ‘± 또는 +/-’의 표시 다음에 사용된 모든 착색제 성분을 함께 기재·표시할 수 있다.\n5.   5. 착향제는 ‘향료’로 표시할 수 있다. 다만, 식품의약품안전청장은 착향제의 구성 성분 중 알레르기 유발물질로 알려져 있는 성분이 있는 경우에는 해당 성분의 명칭을 기재·표시하도록 권장할 수 있다.\n6.   6. pH 조절 목적으로 사용되는 성분은 그 성분을 표시하는 대신 중화반응에 따른 생성물로 기재·표시할 수 있다.\n7.   7. 법 제10조제1항제3호에 따른 성분을 기재·표시할 경우 제조업자 또는 수입자의 정당한 이익을 현저히 해할 우려가 있는 때에는 제조업자 또는 수입자는 식품의약품안전청장에게 그 근거 자료를 제출하여야 하고, 식품의약품안전청장이 정당한 이익을 해할 우려가 있다고 인정하는 경우에는 「기타성분」으로 기재·표시할 수 있다.\n\n※ 상기 내용엔 생략된 조항이 있을 수 있으며 현재 시행중인 내용이 아닐 수 있습니다. 법령 전문 및 개정사항, 현재 시행 중인 법령은 법제처 국가법령정보센터([https://www.law.go.kr](https://www.law.go.kr/))에서 직접 확인하시기 바랍니다.\n\n##### 의료기기\n\n「의료기기법」에 의거 의료기기를 제조 또는 수입하고자 하는 경우에는 식품의약품안전청장의 허가를 받아야 하며, 판매 또는 임대를 하고자 하는 경우에는 영업소 소재지의 시장∙군수 또는 구청장에게 판매업 또는 임대업신고를 하여야 합니다. ※ 임신조절용 의료기기(콘돔) 및 의료기관 이외의 장소에서 사용되는 자가진단용 의료기기(혈당측정기)는 의료기기 판매업 신고 면제 대상임\n\n‘의료기기’란 사람이나 동물에게 단독 또는 조합하여 사용되는 기구·기계·장치·재료 또는 이와 유사한 제품으로서 다음 각 호의 어느 하나에 해당하는 제품을 말함(단,「약사법」에 따른 의약품과 의약외품 및 「장애인복지법」 제65조에 따른 장애인보조기구 중 의지(義肢)·보조기(補助器)는 제외)\n*   질병을 진단·치료·경감·처치 또는 예방할 목적으로 사용되는 제품\n*   상해(傷害) 또는 장애를 진단·치료·경감 또는 보정할 목적으로 사용되는 제품\n*   구조 또는 기능을 검사·대체 또는 변형할 목적으로 사용되는 제품\n*   임신을 조절할 목적으로 사용되는 제품\n\n##### 의료기기 광고 사전 심의\n\n의료기기를 판매하고자 하는 경우 광고하기 이전에 해당 광고물에 대해 [의료기기광고사전심의위원회](http://adv.kmdia.or.kr/adv/main.asp)의 심의를 받아야 함\n\n (판매업 신고 면제 대상 의료기기도 광고심의 대상에는 포함됨)\n\n[관련 법령 보기](https://safety.smartstore.naver.com/main/rules/safety/care#)\n\n##### 의료기기법| 법률 제10564호, 2011. 4. 7, 전부개정\n\n###### 제6조(제조업의 허가 등)\n\n1.   ① 의료기기의 제조를 업으로 하려는 자는 제조소별로 식품의약품안전청장의 제조업허가를 받아야 한다. 다만, 다음 각 호의 어느 하나에 해당하는 자는 제조업허가를 받을 수 없다. \n    1.   1. 「정신보건법」 제3조제1호에 따른 정신질환자. 다만, 전문의가 제조업자로서 적합하다고 인정하는 사람은 그러하지 아니하다.\n    2.   2. 금치산자·한정치산자 또는 파산선고를 받은 자로서 복권되지 아니한 자\n    3.   3. 마약이나 그 밖의 유독물질의 중독자\n    4.   4. 이 법을 위반하여 금고 이상의 형을 선고받고 그 집행이 끝나지 아니하거나 그 집행을 받지 아니하기로 확정되지 아니한 자\n    5.   5. 이 법을 위반하여 제조업허가가 취소된 날부터 1년이 지나지 아니한 자\n\n2.   ② 제1항 본문에 따라 제조업허가를 받은 자(이하 \"제조업자\"라 한다)는 제조하려는 의료기기에 대하여 다음 각 호의 구분에 따라 제조허가를 받거나 제조신고를 하여야 한다. \n    1.   1. 인체에 미치는 잠재적 위해성이 낮아 고장이나 이상이 발생하더라도 생명이나 건강에 위해를 줄 우려가 거의 없는 의료기기로서 식품의약품안전청장이 정하여 고시하는 의료기기 : 품목류별 제조허가 또는 제조신고\n    2.   2. 제1호 외의 의료기기: 품목별 제조허가 또는 제조신고\n\n3.   ③ 제1항 본문에 따른 제조업허가를 신청할 때에는 제2항 각 호에 따른 1개 이상의 제조허가를 함께 신청하거나 1개 이상의 제조신고를 함께 하여야 한다.\n4.   ④ 제1항에 따라 제조업허가를 받으려는 자 및 제2항에 따라 제조허가를 받거나 제조신고를 하려는 자는 보건복지부령으로 정하는 바에 따라 시설 및 품질관리체계를 갖추어야 한다. 다만, 품질관리를 위한 시험을 위탁하는 등 보건복지부령으로 정하는 경우에는 그러하지 아니하다.\n5.   ⑤ 제조업자는 제2항에 따라 제조허가를 받거나 제조신고를 하려는 경우에는 보건복지부령으로 정하는 바에 따라 기술문서, 임상시험자료 등 필요한 자료를 식품의약품안전청장에게 제출하여야 한다.\n6.   ⑥ 의약품 또는 의약외품과 의료기기가 조합되거나 복합 구성된 것으로서 그 주된 기능이 의약품 또는 의약외품에 해당하여 「약사법」 제31조제2항에 따라 이미 제조판매품목허가를 받거나 제조판매품목신고를 한 때에는 제2항에 따라 제조허가를 받거나 제조신고를 한 것으로 본다.\n7.   ⑦ 제1항 본문에 따른 제조업허가와 제2항에 따른 제조허가 또는 제조신고의 대상·절차·기준·조건 및 관리 등에 관하여 필요한 사항은 보건복지부령으로 정한다.\n\n###### 제15조(수입업허가 등)\n\n1.   ① 의료기기의 수입을 업으로 하려는 자는 식품의약품안전청장의 수입업허가를 받아야 한다.\n2.   ② 제1항에 따라 수입업허가를 받은 자(이하 \"수입업자\"라 한다)는 수입하려는 의료기기에 대하여 다음 각 호의 구분에 따라 수입허가를 받거나 수입신고를 하여야 한다. \n    1.   1. 인체에 미치는 잠재적 위해성이 낮아 고장이나 이상이 발생하더라도 생명이나 건강에 위해를 줄 우려가 거의 없는 의료기기로서 식품의약품안전청장이 정하여 고시하는 의료기기 : 품목류별 수입허가 또는 수입신고\n    2.   2. 제1호 외의 의료기기 : 품목별 수입허가 또는 수입신고\n\n3.   ③ 제1항에 따른 수입업허가를 신청할 때에는 제2항 각 호에 따른 1개 이상의 수입허가를 함께 신청하거나 1개 이상의 수입신고를 함께 하여야 한다.\n4.   ④ 제1항에 따라 수입업허가를 받으려는 자 및 제2항에 따라 수입허가를 받거나 수입신고를 하려는 자는 보건복지부령으로 정하는 바에 따라 품질검사를 위한 시설 및 품질관리체계를 갖추어야 한다. 다만, 품질관리를 위한 시험을 위탁하는 등 보건복지부령으로 정하는 경우에는 그러하지 아니하다.\n5.   ⑤ 의약품 또는 의약외품과 의료기기가 조합되거나 복합 구성된 것으로서 그 주된 기능이 의약품 또는 의약외품에 해당하여 「약사법」 제42조제1항에 따라 이미 수입품목허가를 받거나 수입품목신고를 한 때에는 제2항에 따라 수입허가를 받거나 수입신고를 한 것으로 본다.\n6.   ⑥ 제1항부터 제5항까지의 규정에 따라 수입되는 의료기기 또는 그 수입업자에 대하여는 제6조제1항 단서, 같은 조 제5항·제7항, 제7조부터 제9조까지 및 제11조부터 제14조까지의 규정을 준용한다. 이 경우 “제조”는 “수입”으로, \"제조업허가\"는 \"수입업허가\"로, \"제조허가\"는 \"수입허가\"로, \"제조신고\"는 \"수입신고\"로, \"생산관리\"는 \"수입관리\"로, \"제조업자\"는 \"수입업자\"로 각각 본다. \n\n###### 제17조(판매업 등의 신고)\n\n1.   ① 의료기기의 판매를 업으로 하려는 자(이하 \"판매업자\"라 한다) 또는 임대를 업으로 하려는 자(이하 \"임대업자\"라 한다)는 영업소마다 보건복지부령으로 정하는 바에 따라 영업소 소재지의 특별자치도지사, 시장·군수·구청장(자치구의 구청장을 말한다. 이하 같다)에게 판매업신고 또는 임대업신고를 하여야 한다.\n2.   ② 다음 각 호의 어느 하나에 해당하는 경우에는 제1항에 따른 신고를 하지 아니할 수 있다. \n    1.   1. 의료기기의 제조업자나 수입업자가 그 제조하거나 수입한 의료기기를 의료기기취급자에게 판매하거나 임대하는 경우\n    2.   2. 제1항에 따른 판매업신고를 한 자가 임대업을 하는 경우\n    3.   3. 약국 개설자나 의약품 도매상이 의료기기를 판매하거나 임대하는 경우\n    4.   4. 보건복지부령으로 정하는 임신조절용 의료기기 및 의료기관 외의 장소에서 사용되는 자가진단용 의료기기를\n\n 판매하는 경우\n\n3.   ③ 제1항에 따른 신고에 대하여는 제6조제1항제2호·제4호·제5호, 제12조 및 제14조를 준용한다. 이 경우 \"제조\"는 \"판매 또는 임대\"로, \"제조업허가\"는 \"판매업신고 또는 임대업신고\"로, \"제조업자\"는 \"판매업자 또는 임대업자\"로 각각 본다. \n\n###### 제20조(용기 등의 기재사항)\n\n의료기기의 용기나 외장(外裝)에는 다음 각 호의 사항을 적어야 한다. 다만, 보건복지부령으로 정하는 용기나 외장의 경우에는 그러하지 아니하다.\n\n1.   1. 제조업자 또는 수입업자의 상호와 주소\n2.   2. 수입품의 경우는 제조원(제조국 및 제조사명)\n3.   3. 품목명, 형명(型名), 허가(신고)번호\n4.   4. 제조번호와 제조 연월(사용기한이 있는 경우에는 제조 연월 대신에 사용기한을 적을 수 있다)\n5.   5. 중량 또는 포장단위\n6.   6. \"의료기기\"라는 표시\n\n###### 제25조(광고의 심의)\n\n1.   ① 의료기기를 광고하려는 자는 식품의약품안전청장이 정한 심의기준·방법 및 절차에 따라 미리 식품의약품안전청장의 심의를 받아야 한다.\n2.   ② 식품의약품안전청장은 제1항에 따른 심의에 관한 업무를 보건복지부령으로 정하는 단체에 위탁할 수 있다.\n\n###### 제26조(일반행위의 금지)\n\n1.   ① 누구든지 제6조제2항 또는 제15조제2항에 따라 허가를 받지 아니하거나 신고를 하지 아니한 의료기기를 수리·판매·임대·수여 또는 사용하여서는 아니 되며, 판매·임대·수여 또는 사용할 목적으로 제조·수입·수리·저장 또는 진열하여서는 아니 된다. 다만, 박람회·전람회·전시회 등에서 전시할 목적으로 보건복지부령으로 정하는 절차 및 방법 등에 따라 의료기기를 제조·수입·저장 또는 진열하는 경우에는 그러하지 아니하다. \n2.   ② 누구든지 다음 각 호의 어느 하나에 해당하는 의료기기를 제조·수입·판매 또는 임대하여서는 아니 된다. \n    1.   1. 제6조제2항, 제12조 또는 제15조제2항·제6항에 따라 허가받거나 신고한 내용과 다른 의료기기\n    2.   2. 전부 또는 일부가 불결하거나 병원 미생물에 오염된 물질 또는 변질되거나 부패한 물질로 된 의료기기\n    3.   3. 그 밖에 국민보건에 위해를 끼쳤거나 끼칠 우려가 있는 경우로서 식품의약품안전청장 또는 특별자치도지사, 시장·군수·구청장이 제34조부터 제36조까지의 규정에 따라 폐기·사용중지·허가취소 등을 명한 의료기기\n\n3.   ③ 수리업자는 의료기기를 수리할 때에는 제6조제2항, 제12조 또는 제15조제2항·제6항에 따라 허가받거나 신고한 성능, 구조, 정격(定格), 외관, 치수 등을 변환하여서는 아니 된다.\n4.   ④ 의료기관 개설자 및 동물병원 개설자가 의료기기를 사용할 때에는 제6조제2항, 제12조 또는 제15조제2항·제6항에 따라 허가받거나 신고한 내용과 다르게 변조 또는 개조하여서는 아니 된다. 다만, 제조업자와 수입업자는 그 의료기기가 자기 회사에서 제조 또는 수입한 의료기기로서 보건복지부령으로 정하는 의료기기인 경우에는 제12조 또는 제15조제6항에 따라 변경허가를 받거나 변경신고한 내용대로 변조 또는 개조할 수 있다. \n5.   ⑤ 수리업자·판매업자 또는 임대업자는 다음 각 호의 어느 하나에 해당하는 의료기기를 수리·판매 또는 임대하거나 수리·판매 또는 임대할 목적으로 저장·진열하여서는 아니 된다. \n    1.   1. 제6조제2항, 제12조, 제15조제2항·제6항 또는 제16조제1항에 따라 허가받거나 신고한 내용과 다르게 제조·수입 또는 수리된 의료기기\n    2.   2. 제24조제1항에 위반되는 의료기기\n\n6.   ⑥ 의료기관 개설자는 제10조에 따라 식품의약품안전청장으로부터 임상시험에 관한 승인을 받지 아니한 의료기기를 임상시험에 사용하여서는 아니 된다.\n7.   ⑦ 누구든지 의료기기가 아닌 것의 외장·포장 또는 첨부문서에 의료기기와 유사한 성능이나 효능 및 효과 등이 있는 것으로 잘못 인식될 우려가 있는 표시를 하거나 이와 같은 내용의 광고를 하여서는 아니 되며, 이와 같이 표시되거나 광고된 것을 판매 또는 임대하거나 판매 또는 임대할 목적으로 저장 또는 진열하여서는 아니 된다.\n\n###### 제51조(벌칙)\n\n1.   ① 제26조제1항을 위반한 자는 5년 이하의 징역 또는 2천만원 이하의 벌금에 처한다.\n2.   ② 제1항의 징역과 벌금은 병과(倂科)할 수 있다.\n\n###### 제52조(벌칙)\n\n1.   ① 다음 각 호의 어느 하나에 해당하는 자는 3년 이하의 징역 또는 1천만원 이하의 벌금에 처한다. \n    1.   1. 제10조제1항·제2항 전단·제4항, 제12조제1항(제15조제6항 및 제16조제4항에서 준용하는 경우를 포함한다), 제13조제1항, 제16조제1항 본문, 제17조제1항, 제24조제1항·제2항, 제26조제2항부터 제7항까지 또는 제45조제2항을 위반한 자\n    2.   2. 제34조제2항에 따라 관계 공무원이 행하는 폐기·봉함·봉인 등 그 밖에 필요한 처분을 거부·방해하거나 기피한 자\n\n2.   ② 제1항의 징역과 벌금은 병과할 수 있다.\n\n###### 제53조(벌칙)\n\n제13조제3항(제15조제6항에서 준용하는 경우를 포함한다) 또는 제18조제2항을 위반한 자는 2년 이하의 징역 또는 3천만원 이하의 벌금에 처한다.\n\n###### 제54조(벌칙)\n\n다음 각 호의 어느 하나에 해당하는 자는 500만원 이하의 벌금에 처한다.\n\n1.   1. 제18조제1항, 제20조부터 제23조까지, 제30조제1항·제2항 또는 제31조제1항을 위반한 자\n2.   2. 제32조제1항 또는 제36조제1항·제2항에 따른 관계 공무원의 출입·수거·폐쇄 또는 그 밖의 처분을 거부·방해하거나 기피한 자\n3.   3. 제33조, 제34조제1항, 제35조 또는 제36조제1항·제2항에 따른 검사, 회수, 폐기, 공표, 사용중지, 업무정지 등의 명령을 위반한 자\n4.   4. 제37조제1항제1호·제2호·제5호에 해당하는 위반행위를 한 자\n\n※ 상기 내용엔 생략된 조항이 있을 수 있으며 현재 시행중인 내용이 아닐 수 있습니다. 법령 전문 및 개정사항, 현재 시행 중인 법령은 법제처 국가법령정보센터([https://www.law.go.kr](https://www.law.go.kr/))에서 직접 확인하시기 바랍니다.\n\n##### 공산품\n\n「품질경영 및 공산품안전관리법」에 의거 소비자의 생명∙신체에 위해, 재산상의 피해 또는 자연환경의 훼손에 대한 우려 등이 있다고 판단되는 공산품은 정부 공인 인증시험기관으로부터 안전인증 및 검사를 받아야 하며, 안전인증 등의 표시를 하여야 합니다. ※ 인증제도에 대한 보다 상세한 내용은 관련법령 및 국가표준인증종합정보센터 홈페이지 [(https://www.standard.go.kr)](https://www.standard.go.kr/)를 참고하여 주시기 바랍니다.\n\n##### 안전관리대상 공산품의 분류\n\n안전관리대상 공산품의 분류| 안전인증대상공산품 | 구조·재질 및 사용방법 등으로 인하여 소비자의 생명·신체에 대한 위해, 재산상 피해 또는 자연환경의 훼손에 대한 우려가 크다고 인정되는 공산품 중에서 안전인증을 통하여 그 위해를 방지할 수 있다고 인정되는 공산품 ※ 세부 공산품 목록은 「품질경영 및 공산품안전관리법 시행규칙 [별표1] 안전인증대상공산품(제2조제1항 관련), 표시 방법은 [별표7] 안전인증표시의 기준과 방법(제17조제1항 관련) 참고 |\n| --- |\n| 자율안전확인대상공산품 | 구조·재질 및 사용방법 등으로 인하여 소비자의 신체에 위해를 초래할 우려가 있는 공산품 중에서 제품검사만으로도 그 위해를 방지할 수 있다고 인정되는 공산품 ※ 세부 공산품 목록은 「품질경영 및 공산품안전관리법 시행규칙 [별표2] 자율안전확인대상공산품(제2조제2항 관련), 표시 방법은 [별표9] 자율안전확인표시의 기준과 방법(제18조제1항 관련) 참고 |\n| 안전·품질표시대상공산품 | 소비자가 취급·사용·운반 등을 하는 과정에서 사고가 발생하거나 위해를 입을 가능성이 있는 공산품과 소비자가 성분·성능·규격 등을 구별하기 곤란한 공산품 ※ 세부 공산품 목록은 「품질경영 및 공산품안전관리법 시행규칙 [별표3] 안전·품질표시대상공산품(제2조제3항 관련), 표시 방법은 [별표10] 안전∙품질표시의 기준과 방법(제24조 관련) 참고 |\n| 어린이보호포장대상공산품 | 소비자가 마시거나 흡입하는 경우에 중독 등의 위해가 우려되는 공산품 중에서 어린이보호포장의 대상이 되는 것 ※ 세부 공산품 목록은 「품질경영 및 공산품안전관리법 시행규칙 [별표4] 어린이보호포장대상공산품(제2조제4항 관련), 표시 방법은 [별표11] 어린이보호포장표시의 기준과 방법(제27조 관련) 참고 |\n\n[관련 법령 보기](https://safety.smartstore.naver.com/main/rules/safety/care#)\n\n##### 품질경영 및 공산품안전관리법| 법률 제10961호, 2011. 7.25, 일부개정\n\n###### 제14조(안전인증 등)\n\n1.   ① 안전인증대상공산품 제조업자(외국에서 제조하여 대한민국으로 수출하려는 자를 포함한다. 이하 같다) 또는 수입업자는 지식경제부령으로 정하는 바에 따라 안전인증기관으로부터 다음 각 호의 구분에 따른 방법으로 그 안전인증대상공산품의 안전인증을 받아야 한다. \n    1.   1. 공산품 모델(지식경제부령으로 정하는 고유한 명칭을 부여한 제품의 형식을 말한다. 이하 같다)에 대하여 안전인증을 받는 경우에는 제품검사와 공장심사를 모두 거칠 것\n    2.   2. 일정 수량만 제조·수입하거나 1회성으로 생산하는 공산품에 대하여만 안전인증을 받는 경우에는 제품검사만을 거칠 것\n\n2.   ② 안전인증대상공산품 제조업자는 안전인증을 받은 사항을 변경하려는 경우에는 지식경제부령으로 정하는 방법 및 절차에 따라 안전인증기관에 안전인증의 변경을 신청하여야 한다.\n3.   ③ ~ ⑥ 생략\n4.   ⑦ 안전인증대상공산품 제조업자는 안전인증을 받은 후 제조되는 안전인증대상공산품에 대하여 지식경제부령으로 정하는 바에 따라 안전성이 유지되고 있는지에 관한 자체검사를 하고 그 기록을 작성·보관하여야 한다.\n5.   ⑧ ~ ⑩ 생략\n\n[전문개정 2011.7.25]\n\n[시행일 : 2012.7.26]제14조제1항제2호\n\n###### 제16조(안전인증의 표시 등)\n\n1.   ① 안전인증대상공산품의 제조업자 또는 외국제조업자는 안전인증을 받은 안전인증대상공산품에 대하여 지식경제부령이 정하는 바에 의하여 안전인증의 표시(이하 \"안전인증표시\"라 한다)를 하여야 한다. 다만, 제15조제1항제1호의 규정에 의하여 안전인증의 전부면제를 받은 경우에는 그러하지 아니하다. <개정 2008.2.29>\n2.   ② 안전인증을 받지 아니한 안전인증대상공산품의 경우에는 안전인증표시 또는 이와 유사한 표시를 하여서는 아니된다.\n3.   ③ 다음 각 호의 어느 하나에 해당하는 자는 안전인증을 받은 안전인증대상공산품의 안전인증표시를 임의로 변경하거나 제거하여서는 아니된다. \n    1.   1. 안전인증대상공산품의 제조업자·외국제조업자·수입업자 및 판매업자\n    2.   2. 안전인증대상공산품을 영업에 사용하는 자(이하 \"영업자\"라 한다)\n\n###### 제17조(판매·사용 등의 금지)\n\n1.   ① 안전인증대상공산품의 제조업자·외국제조업자·수입업자 및 판매업자는 안전인증표시가 없는 안전인증대상공산품을 판매하거나 판매를 목적으로 수입·진열 또는 보관하여서는 아니된다.\n2.   ② 안전인증대상공산품의 영업자는 안전인증표시가 없는 안전인증대상공산품을 영업에 사용하여서는 아니된다.\n\n###### 제19조(자율안전확인대상공산품의 신고 등)\n\n1.   ① 자율안전확인대상공산품의 제조업자 및 수입업자는 지식경제부령이 정하는 바에 의하여 자율안전확인대상공산품의 모델별로 제3항의 규정에 따라 지정된 시험·검사기관으로부터 안전성에 대한 시험·검사를 받아 당해 공산품이 제2항의 규정에 의한 안전기준에 적합한 것임을 스스로 확인(이하 \"자율안전확인\"이라 한다)한 후 이를 지식경제부장관에게 신고하여야 한다. 신고한 사항을 변경하고자 하는 경우에는 변경신고를 하여야 한다. <개정 2008.2.29>\n2.   ② 지식경제부장관은 자율안전확인대상공산품에 관한 안전기준을 정하여 고시하여야 한다. <개정 2008.2.29>\n3.   ③ 지식경제부장관은 「국가표준기본법」 제23조의 규정에 의하여 인정된 시험·검사기관 중에서 자율안전확인대상공산품의 시험·검사기관을 지정하여 공고하여야 한다. <개정 2008.2.29>\n4.   ④, ⑤ 생략\n\n###### 제20조(자율안전확인의 표시 등)\n\n1.   ① 자율안전확인대상공산품 제조업자 및 수입업자는 제19조제1항에 따라 지식경제부장관에게 신고한 자율안전확인대상공산품에 지식경제부령으로 정하는 바에 따라 자율안전확인의 표시(이하 \"자율안전확인표시\"라 한다)를 하여야 한다. 다만, 제19조제7항에 따라 신고를 면제받은 자율안전확인대상공산품의 경우에는 그러하지 아니하다.\n2.   ② 제19조제1항에 따른 신고를 하지 아니한 자율안전확인대상공산품에는 자율안전확인표시 또는 이와 유사한 표시를 하여서는 아니 된다.\n3.   ③ 자율안전확인대상공산품 제조업자, 수입업자, 판매업자 및 영업자는 자율안전확인대상공산품의 자율안전확인표시를 임의로 변경하거나 제거하여서는 아니 된다.\n\n###### 제21조(판매·사용 등의 금지)\n\n1.   ① 자율안전확인대상공산품 제조업자, 수입업자 및 판매업자는 자율안전확인표시가 없는 자율안전확인대상공산품을 판매하거나 판매를 목적으로 수입·진열 또는 보관하여서는 아니 된다.\n2.   ② 자율안전확인대상공산품 영업자는 자율안전확인표시가 없는 자율안전확인대상공산품을 영업에 사용하여서는 아니 된다.\n\n###### 제22조(안전·품질표시대상공산품의 안전·품질표시 등)\n\n1.   ① 안전·품질표시대상공산품의 제조업자 및 수입업자는 안전·품질표시대상공산품에 지식경제부장관이 정하여 고시하는 안전·품질표시기준에 따라 당해 공산품의 안전 및 품질에 관한 표시(이하 \"안전·품질표시\"라 한다)를 하여야 한다. <개정 2008.2.29>\n2.   ② 안전·품질표시대상공산품의 제조업자 및 수입업자는 안전·품질표시를 하지 아니한 안전·품질표시대상공산품을 판매하여서는 아니된다.\n3.   ③ 제1항의 규정에 의한 안전·품질표시의 방법 등에 관하여 필요한 사항은 지식경제부령으로 정한다. <개정 2008.2.29>\n\n###### 제23조(거짓의 안전·품질표시 금지 등)\n\n1.   ① 안전·품질표시대상공산품 제조업자 및 수입업자는 안전·품질표시대상공산품에 거짓으로 안전·품질표시를 하여서는 아니 된다.\n2.   ② 안전·품질표시대상공산품 판매업자는 안전·품질표시대상공산품의 안전·품질표시를 임의로 변경하거나 제거하여서는 아니 된다.\n\n###### 제24조(어린이보호포장대상공산품의 신고 등)\n\n1.   ① 공산품 제조업자 및 수입업자는 어린이보호포장대상공산품을 제조하거나 수입하는 경우에는 어린이보호포장을 사용하여야 한다. 다만, 다음 각 호의 어느 하나에 해당하는 것으로 지식경제부장관의 확인을 받은 경우에는 그러하지 아니하다 \n    1.   1. 공산품 제조업자에게 판매할 목적으로 제조하거나 수입하는 것\n    2.   2. 연구·개발 또는 수출을 목적으로 제조하거나 수입하는 것\n\n2.   ② 어린이보호포장대상공산품 제조업자 및 수입업자는 제1항 각 호 외의 부분 본문에 따라 어린이보호포장을 사용한 경우에는 그 내용을 어린이보호포장대상공산품의 모델별로 지식경제부장관에게 신고하여야 한다. 신고한 사항을 변경하려는 경우에도 또한 같다.\n3.   ③ 지식경제부장관은 어린이보호포장대상공산품에 적용할 안전기준을 정하여 고시하여야 한다.\n\n###### 제25조(어린이보호포장표시 등)\n\n1.   ① 어린이보호포장대상공산품 제조업자 및 수입업자는 제24조제2항에 따른 신고를 한 경우에는 지식경제부령으로 정하는 바에 따라 해당 어린이보호포장대상공산품에 어린이보호포장을 사용하였음을 나타내는 표시(이하 \"어린이보호포장표시\"라 한다)를 하여야 한다.\n2.   ② 제24조제2항에 따른 신고를 하지 아니한 어린이보호포장대상공산품에는 어린이보호포장표시 또는 이와 유사한 표시를 하여서는 아니 된다.\n\n###### 제26조(판매 등의 금지)\n\n어린이보호포장대상공산품 제조업자, 수입업자 및 판매업자는 어린이보호포장표시가 없는 어린이보호포장대상공산품을 판매하거나 판매를 목적으로 수입·진열 또는 보관하여서는 아니 된다.\n\n###### 제27조(사용연령에 따른 판매 제한)\n\n공산품의 판매업자는 안전인증대상공산품, 자율안전확인대상공산품, 안전·품질표시대상공산품, 어린이보호포장대상공산품(이하 \"안전인증대상공산품등\"이라 한다)으로서 당해 안전인증대상공산품등을 사용할 수 있는 어린이의 연령을 제14조제3항·제19조제2항 및 제24조제3항의 규정에 의한 안전기준 또는 제22조제1항의 규정에 의한 안전·품질표시기준에서 정하고 있는 경우에는 그 기준에 맞지 아니하는 어린이에게 이를 판매하여서는 아니된다.\n\n###### 제38조(벌칙)\n\n다음 각 호의 어느 하나에 해당하는 자는 3년 이하의 징역 또는 3천만원 이하의 벌금에 처한다.\n\n1.   1. 거짓 또는 그 밖의 부정한 방법으로 제12조제1항에 따른 안전인증기관의 지정을 받은 자\n2.   2. 제12조제1항에 따라 안전인증기관으로 지정을 받지 아니하고 안전인증을 한 자\n3.   3. 제13조제1항에 따라 안전인증기관의 업무가 정지되어 그 기간 중에 있거나 그 지정이 취소되었음에도 안전인증을 한 자\n4.   4. 제14조제1항을 위반하여 안전인증을 받지 아니하고 안전인증대상공산품을 제조하거나 수입한 제조업자 또는 수입업자\n5.   5. 거짓 또는 그 밖의 부정한 방법으로 제14조제1항에 따른 안전인증을 받은 자\n6.   6. 제16조제2항을 위반하여 안전인증표시 또는 이와 유사한 표시를 한 자\n7.   7. 제20조제2항을 위반하여 자율안전확인표시 또는 이와 유사한 표시를 한 자\n8.   8. 제25조제2항을 위반하여 어린이보호포장표시 또는 이와 유사한 표시를 한 자\n\n###### 제39조(벌칙)\n\n다음 각 호의 어느 하나에 해당하는 자는 1년 이하의 징역 또는 1천만원 이하의 벌금에 처한다.\n\n1.   1. 제14조제3항의 규정을 위반하여 안전인증을 행한 자\n2.   2. 거짓 또는 그 밖의 부정한 방법으로 제15조제1항의 규정에 의한 면제를 받은 자\n3.   3. 제16조제3항의 규정을 위반하여 안전인증표시를 임의로 변경하거나 제거한 자\n4.   4. 제18조제3항의 규정을 위반하여 안전인증을 행한 자\n5.   5. 제19조제1항의 규정에 의한 신고를 하지 아니한 자\n6.   6. 거짓 또는 그 밖의 부정한 방법으로 제19조제5항의 규정에 의한 면제를 받은 자\n7.   7. 제20조제3항의 규정을 위반하여 자율안전확인표시를 임의로 변경하거나 삭제한 자\n8.   8. 제23조제1항의 규정을 위반하여 안전·품질표시를 거짓으로 한 자\n9.   9. 제23조제2항의 규정을 위반하여 안전·품질표시를 임의로 변경하거나 제거한 자\n10.   10. 제24조제1항의 규정을 위반하여 어린이보호포장대상공산품에 어린이보호포장을 하지 아니한 자\n11.   11. 거짓 또는 그 밖의 부정한 방법으로 제24조제1항 단서의 규정에 의한 확인을 받은 자\n\n##### 품질경영 및 공산품안전관리법 시행규칙| 지식경제부령 제207호, 2011.10.19, 타법개정\n\n###### 제2조(안전인증대상공산품의 범위 등)\n\n1.   ① 법 제2조제8호에 따른 안전인증대상공산품은 별표 1과 같다.\n2.   ② 법 제2조제9호에 따른 자율안전확인대상공산품은 별표 2와 같다.\n3.   ③ 법 제2조제10호에 따른 안전·품질표시대상공산품은 별표 3과 같다.\n4.   ④ 법 제2조제12호에 따른 어린이보호포장대상공산품은 별표 4와 같다.\n5.   ⑤ 기술표준원장은 제1항 내지 제4항에 따른 안전인증대상공산품, 자율안전확인대상공산품, 안전·품질표시대상공산품, 어린이보호포장대상공산품의 구체적인 범위를 각각 정하여 고시할 수 있다.\n\n###### 제17조(안전인증표시)\n\n1.   ① 법 제16조제1항에 따른 안전인증표시(이하 \"안전인증표시\"라 한다)의 기준과 방법은 별표 7과 같다.\n2.   ② 국내에서 제조한 안전인증대상공산품에는 출고 전에 안전인증표시를 하고, 외국에서 제조하여 국내로 수입한 안전인증대상공산품에는 통관 전에 안전인증표시를 하여야 한다.\n\n###### 제23조(자율안전확인표시)\n\n1.   ① 법 제20조제1항에 따른 자율안전확인의 표시(이하 \"자율안전확인표시\"라 한다)의 기준과 방법은 별표 9와 같다.\n2.   ② 국내에서 제조하는 자율안전확인대상공산품에는 출고 전에 제1항에 따른 자율안전확인표시를 하고, 외국에서 제조하여 국내로 수입한 자율안전확인대상공산품에는 통관 전에 제1항에 따른 자율안전확인표시를 하여야 한다.\n\n###### 제24조(안전·품질표시의 방법)\n\n법 제22조제1항에 따른 안전·품질표시의 방법은 별표 10과 같다.\n\n###### 제27조(어린이보호포장표시)\n\n법 제25조제1항에 따른 어린이보호포장표시의 기준과 방법은 별표 11과 같다.\n\n※ 상기 내용엔 생략된 조항이 있을 수 있으며 현재 시행중인 내용이 아닐 수 있습니다. 법령 전문 및 개정사항, 현재 시행 중인 법령은 법제처 국가법령정보센터([https://www.law.go.kr](https://www.law.go.kr/))에서 직접 확인하시기 바랍니다.\n\n##### 전기용품\n\n「전기용품안전관리법」에 의거 구조와 사용방법 등으로 인하여 화재·감전 등의 위험 및 장해가 발생할 우려가 크다고 인정되는 전기용품은 안전인증을 받거나 자율안전확인신고를 하여야 하며, 안전인증 및 자율안전확인신고 등의 표시를 하여야 합니다. ※ 인증제도에 대한 보다 상세한 내용은 관련법령 및 국가표준인증종합정보센터 홈페이지 [(https://www.standard.go.kr)](https://www.standard.go.kr/)를 참고하여 주시기 바랍니다.\n\n##### 전기용품 안전관리대상의 분류\n\n전기용품 안전관리대상의 분류| 안전인증대상 전기용품 | 구조와 사용방법 등으로 인하여 화재·감전 등의 위험 및 장해가 발생할 우려가 크다고 인정되는 전기용품 중 안전인증을 통하여 그 위험 및 장해를 방지할 수 있다고 인정되는 전기용품 ※ 세부 전기용품 목록은 「전기용품안전 관리법 시행규칙 [별표2] 안전인증대상전기용품(제3조제1항 관련), 표시 방법은 [별표 7] 안전인증, 자율안전확인신고등 및 공급자적합성확인의 표시등의 표시 방법 (제15조제1항, 제25조제1항 및 제25조의6제1항 관련) 참고 |\n| --- |\n| 자율안전확인대상 전기용품 | 구조·사용방법 등으로 인하여 화재·감전 등의 위험 및 장해가 발생할 우려가 있는 전기용품 중 안전인증기관이 실시하는 제품시험을 통한 안전성확인으로 그 위험 및 장해를 방지할 수 있다고 인정되는 전기용품 ※ 세부 공산품 목록은 「품질경영 및 공산품안전관리법 시행규칙 [별표2] 자율안전확인대상공산품(제2조제2항 관련), 표시 방법은 [별표 7] 안전인증, 자율안전확인신고등 및 공급자적합성확인의 표시등의 표시 방법 (제15조제1항, 제25조제1항 및 제25조의6제1항 관련) 참고 |\n\n[관련 법령 보기](https://safety.smartstore.naver.com/main/rules/safety/care#)\n\n##### 전기용품안전 관리법| 법률 제10494호, 2011. 3.30, 일부개정\n\n###### 제3조(안전인증)\n\n1.   ① 안전인증대상전기용품의 제조를 업으로 하거나 외국에서 제조하여 대한민국으로 수출하려는 자(이하 \"제조업자\"라 한다)는 안전인증기관으로부터 안전인증대상전기용품의 모델(지식경제부령으로 정하는 고유한 명칭을 붙인 제품의 형식을 말한다. 이하 같다)별로 지식경제부령으로 정하는 바에 따라 안전인증을 받아야 한다. \n\n이하 생략\n\n###### 제5조(안전검사)\n\n1.   ① 안전인증대상전기용품에 해당하는 중고 전기용품을 외국에서 수입하여 판매 또는 대여하려는 자는 수입한 중고 전기용품에 대하여 지식경제부령으로 정하는 바에 따라 안전검사를 받아야 한다. 다만, 제3조제1항에 따른 안전인증을 받거나 안전인증의 면제를 받은 경우에는 그러하지 아니하다.\n2.   ② 생략\n\n###### 제6조(안전인증의 표시 등)\n\n1.   ① 안전인증대상전기용품의 제조업자 또는 수입업자는 지식경제부령으로 정하는 바에 따라 해당 전기용품과 그 포장에 다음 각 호의 구분에 따른 표시(이하 “안전인증의 표시등”이라 한다)를 하여야 한다. \n    1.   1. 제3조제1항 각 호 외의 부분 본문에 따른 안전인증을 받은 자는 안전인증의 표시와 제3조제3항에 따른 안전기준에서 정하는 표시\n    2.   2. 제3조제1항 각 호 외의 부분 단서에 따른 안전인증의 면제를 받은 자는 안전인증의 면제표시\n    3.   3. 제5조제1항에 따른 안전검사를 받은 자는 안전검사의 표시와 제5조제2항에 따른 안전검사의 기준에서 정하는 표시\n\n2.   ② 제3조제1항에 따른 안전인증 또는 안전인증의 면제를 받지 아니하거나 제5조제1항에 따른 안전검사를 받지 아니한 자는 안전인증대상전기용품과 그 포장에 안전인증의 표시등을 하거나 이와 비슷한 표시를 하여서는 아니 된다.\n3.   ③ 다음 각 호의 어느 하나에 해당하는 자는 안전인증의 표시등을 임의로 변경하거나 제거하여서는 아니 된다. \n    1.   1. 「전기사업법」 제2조제2호에 따른 전기사업자\n    2.   2. 「전기사업법」 제2조제19호에 따른 자가용전기설비(自家用電氣設備)를 설치하는 자\n    3.   3. 「전기공사업법」 제2조제3호에 따른 공사업자\n    4.   4. 안전인증대상전기용품을 부분품이나 부속품으로 사용하여 전기용품을 제조하는 자\n    5.   5. 안전인증대상전기용품을 수입하거나 판매 또는 대여하는 자(이하 “수입·판매·대여업자”라 한다)\n\n###### 제7조(안전인증의 표시등이 없는 안전인증대상전기용품의 판매·사용 등의 금지)\n\n1.   ① 안전인증대상전기용품의 제조업자와 수입·판매·대여업자는 안전인증의 표시등이 없는 안전인증대상전기용품을 판매·대여하거나 판매·대여할 목적으로 수입·진열 또는 보관하여서는 아니 된다.\n2.   ② 제6조제3항제1호부터 제4호까지의 규정 중 어느 하나에 해당하는 자는 안전인증의 표시등이 없는 안전인증대상전기용품을 사용하여서는 아니 된다.\n3.   ③ 전기용품판매중개업자 및 전기용품구매·수입대행업자는 안전인증의 표시등이 없는 안전인증대상전기용품의 판매를 중개(「전자상거래 등에서의 소비자보호에 관한 법률」에 따른 통신판매중개자가 자신이 운영하는 사이버몰의 이용만 허락하는 경우를 제외한다. 이하 같다)하거나 구매 또는 수입을 대행하여서는 아니 된다\n\n###### 제11조(자율안전확인대상전기용품의 신고 등)\n\n1.   ① 자율안전확인대상전기용품의 제조업자 또는 수입업자는 지식경제부령으로 정하는 바에 따라 자율안전확인대상전기용품 모델별로 안전인증기관으로부터 자율안전확인시험을 받아 해당 전기용품이 제3항에 따른 안전기준에 적합한 것임을 스스로 확인(이하 \"자율안전확인\"이라 한다)한 후 이를 지식경제부장관에게 신고하여야 한다.\n\n이하생략\n\n###### 제12조(안전검사)\n\n1.   ① 자율안전확인대상전기용품에 해당하는 중고 전기용품을 외국에서 수입하여 판매 또는 대여하려는 자는 수입한 중고 전기용품에 대하여 지식경제부령으로 정하는 바에 따라 안전검사를 받아야 한다. 다만, 제11조제1항에 따른 자율안전확인신고등을 하거나 자율안전확인신고등의 면제를 받은 전기용품의 경우에는 그러하지 아니하다.\n2.   ② 제1항에 따른 안전검사의 기준은 제11조제3항에 따른 안전기준을 준용한다.\n\n###### 제13조(자율안전확인신고등의 표시 등)\n\n1.   ① 자율안전확인대상전기용품의 제조업자 또는 수입업자는 지식경제부령으로 정하는 바에 따라 해당 전기용품과 그 포장에 다음 각 호의 구분에 따른 표시(이하 \"자율안전확인신고등의 표시등\"이라 한다)를 하여야 한다. \n    1.   1. 제11조제1항 각 호 외의 부분 본문에 따른 자율안전확인신고등을 한 자는 자율안전확인신고등의 표시와 제11조제3항에 따른 안전기준에서 정하는 표시\n    2.   2. 제11조제1항 각 호 외의 부분 단서에 따른 자율안전확인신고등의 면제를 받은 자는 자율안전확인신고등의 면제표시\n    3.   3. 제12조제1항에 따른 안전검사를 받은 자는 안전검사의 표시와 제12조제2항에 따른 안전검사의 기준에서 정하는 표시\n\n2.   ② 제11조제1항에 따른 자율안전확인신고등을 하지 아니하거나 자율안전확인신고등의 면제를 받지 아니하거나 제12조제1항에 따른 안전검사를 받지 아니한 자는 자율안전확인대상전기용품과 그 포장에 자율안전확인신고등의 표시등을 하거나 이와 비슷한 표시를 하여서는 아니 된다.\n3.   ③ 다음 각 호의 어느 하나에 해당하는 자는 자율안전확인신고등의 표시등을 임의로 변경하거나 제거하여서는 아니 된다. \n    1.   1. 「전기사업법」 제2조제2호에 따른 전기사업자\n    2.   2. 「전기사업법」 제2조제19호에 따른 자가용전기설비를 설치하는 자\n    3.   3. 「전기공사업법」 제2조제3호에 따른 전기공사업자\n    4.   4. 자율안전확인대상전기용품을 부분품이나 부속품으로 사용하여 전기용품을 제조하는 자\n    5.   5. 자율안전확인대상전기용품의 수입·판매·대여업자\n\n###### 제14조(자율안전확인신고등의 표시등이 없는 자율안전확인대상전기용품의 판매·사용 등의 금지)\n\n1.   ① 자율안전확인대상전기용품의 제조업자와 수입·판매·대여업자는 자율안전확인신고등의 표시등이 없는 자율안전확인대상전기용품을 판매·대여하거나 판매·대여할 목적으로 수입·진열 또는 보관하여서는 아니 된다.\n2.   ② 제13조제3항제1호부터 제4호까지 중 어느 하나에 해당하는 자는 자율안전확인신고등의 표시등이 없는 자율안전확인대상전기용품을 사용하여서는 아니 된다.\n3.   ③ 전기용품판매중개업자 및 전기용품구매·수입대행업자는 자율안전확인신고등의 표시등이 없는 자율안전확인대상전기용품의 판매를 중개하거나 구매 또는 수입을 대행하여서는 아니 된다.\n\n###### 제14조의2(자율안전확인신고등의 표시등 사용금지 등)\n\n지식경제부장관은 자율안전확인대상전기용품의 제조업자 또는 수입업자가 다음 각 호의 어느 하나에 해당하면 지식경제부령으로 정하는 바에 따라 6개월 이내의 범위에서 자율안전확인신고등의 표시등 사용금지조치 또는 개선명령을 할 수 있다.\n\n1.   1. 거짓이나 그 밖의 부정한 방법으로 자율안전확인신고등을 한 경우\n2.   2. 자율안전확인대상전기용품이 제11조제3항에 따른 안전기준에 맞지 아니한 경우\n3.   3. 자율안전확인신고등의 표시등을 하지 아니하거나 거짓으로 표시한 경우\n4.   4. 제19조제2항 또는 제6항에 따른 명령을 위반한 경우\n\n###### 제15조(그 밖의 전기용품의 안전인증)\n\n1.   ① 안전인증대상전기용품·자율안전확인대상전기용품 및 공급자적합성확인대상전기용품 외의 전기용품(이하 \"그 밖의 전기용품\"이라 한다)의 제조업자는 안전인증기관으로부터 해당 전기용품의 모델별로 안전인증을 받을 수 있다.\n\n<개정 2009.3.25, 2011.3.30>\n2.   ② 안전인증기관은 제1항에 따라 안전인증을 받으려는 전기용품이 다음 각 호에 해당하면 안전인증을 하여야 한다.\n\n<개정 2008.2.29>\n    1.   1. 안전인증기관이 지식경제부장관의 승인을 받아 정한 안전기준(승인을 받은 안전기준이 없으면 해당 전기용품의 안전에 관한 국제규격)에 적합한 경우\n    2.   2. 해당 전기용품의 제조업자가 그 전기용품의 안전을 계속적으로 보증할 수 있는 제조설비·검사설비와 기술능력 등을 갖춘 경우\n\n3.   ③ 제1항에 따라 안전인증을 받은 자는 해당 전기용품과 그 포장에 안전인증의 표시등을 할 수 있다.\n4.   ④ 그 밖의 전기용품에 대하여 제1항에 따른 안전인증을 받지 아니한 자는 해당 전기용품과 그 포장에 안전인증의 표시등을 하거나 이와 비슷한 표시를 하여서는 아니 된다. <개정 2009.3.25>\n5.   ⑤ 안전인증기관은 제1항에 따른 안전인증의 방법, 절차 등에 관한 업무 규정을 정할 수 있다.\n\n##### 전기용품안전 관리법 시행규칙| 지식경제부령 제215호, 2011.12. 1, 일부개정\n\n###### 제3조(안전인증대상전기용품 등의 범위)\n\n1.   ① 「전기용품안전 관리법」(이하 \"법\"이라 한다) 제2조제3호에 따른 안전인증대상전기용품은 공급되는 교류전원이 50볼트 이상 1천볼트 이하에서 사용되는 것으로서 별표 2에서 정하는 전기용품(직류전원장치 또는 전기충전기에 연결되어 사용하는 전기용품을 포함한다. 이하 이 조에서 같다)을 말한다. <개정 2009.12.31>\n2.   ② 법 제2조제4호에 따른 자율안전확인대상전기용품은 공급되는 교류전원이 50볼트 이상 1천볼트 이하에서 사용되는 것으로서 별표 3에서 정하는 전기용품을 말한다.\n3.   ③ 법 제2조제5호에 따른 공급자적합성확인대상전기용품은 공급되는 교류전원이 50볼트 이상 1천볼트 이하에서 사용되는 것으로서 별표 3의2에서 정하는 전기용품을 말한다. <신설 2009.12.31>\n4.   ④ 별표 2에 따른 안전인증대상전기용품, 별표 3에 따른 자율안전확인대상전기용품 및 별표 3의2에 따른 공급자적합성확인대상전기용품의 세부 범위는 기술표준원장이 각각 정하여 고시한다. <개정 2009.12.31>\n\n###### 제15조(안전인증의 표시등)\n\n1.   ① 법 제6조에 따른 안전인증의 표시등(이하 \"안전인증의 표시등\"이라 한다)의 표시방법은 별표 7과 같다.\n2.   ② 안전인증의 표시등은 국내에서 제조하는 제품에는 출고하기 전에 하고, 외국에서 제조하여 국내로 수입하는 제품에는 통관하기 전에 하여야 한다.\n\n###### 제25조(자율안전확인신고등의 표시등)\n\n1.   ① 법 제13조제1항에 따른 자율안전확인신고등의 표시등(이하 \"자율안전확인신고등의 표시등\"이라 한다)의 표시방법은 별표 7과 같다.\n2.   ② 자율안전확인신고등의 표시등은 국내에서 제조하는 제품에는 출고 전에 하고, 외국에서 제조하여 국내로 수입하는 제품에는 통관하기 전에 하여야 한다.\n\n※ 상기 내용엔 생략된 조항이 있을 수 있으며 현재 시행중인 내용이 아닐 수 있습니다. 법령 전문 및 개정사항, 현재 시행 중인 법령은 법제처 국가법령정보센터([https://www.law.go.kr](https://www.law.go.kr/))에서 직접 확인하시기 바랍니다.\n\n##### 방송통신기기\n\n「전파법」에 의거 방송통신기자재와 전자파장해를 주거나 전자파로부터 영향을 받는 방송통신기자재등을 제조 또는 판매하거나 수입하려는 자는 해당 기자재에 대하여 해당하는 적합성평가를 받아야 하며, 이를 거치지 않은 방송통신기자재등은 판매할 수 없습니다.\n\n##### 적합성평가 인증 구분\n\n적합성평가 인증 구분| 적합인증 | 전파환경 및 방송통신망 등에 위해를 줄 우려가 있는 기자재와 중대한 전자파장해를 주거나 전자파로부터 정상적인 동작을 방해받을 정도의 영향을 받는 기자재를 제조 또는 판매하거나 수입하려는 자는 해당 기자재에 대하여 방송통신위원회의 적합인증을 받아야 함 (전파법 제58조의2 제2항) |\n| --- |\n| 적합등록 | 적합인증의 대상이 아닌 방송통신기자재등을 제조 또는 판매하거나 수입하려는 자는 해당 기자재가 적합성평가기준에 적합함을 확인한 후 그 사실을 방송통신위원회에 등록하여야함 (전파법 제58조의2 제3항) |\n| 잠정인증 | 방송통신기자재등에 대한 적합성평가기준이 마련되어 있지 아니하거나 그 밖의 사유로 적합성 평가가 곤란한 경우 관련 국내외 표준, 규격 및 기술기준 등에 따른 적합성평가를 한 후 지역, 유효기간 등의 조건을 붙여 해당 기자재의 제조·수입·판매를 허용함 (전파법 제58조의2 제7항) |\n\n##### 적합성평가 표기\n\n방송통신기자재를 판매하고자 하는 경우 아래의 내용을 표기하여야 합니다.\n\n*   ‘상품정보’란에 방송통신기자재 등의 적합성평가를 받은 사실 표기\n\n - 적합인증서의 인증번호 또는 적합등록필 증의 등록번호\n\n - 적합인증서 및 적합등록 필증에 기재된 기본 모델명 \n*   제품에 부착되어 있는 적합인증/등록번호를 육안으로 확인 가능하도록 촬영한 상품의 사진\n\n[관련 법령 보기](https://safety.smartstore.naver.com/main/rules/safety/care#)\n\n##### 전파법| 법률 제11037호, 2011.8.4, 타법개정\n\n###### 제58조의2(방송통신기자재등의 적합성평가)\n\n1.   ① 방송통신기자재와 전자파장해를 주거나 전자파로부터 영향을 받는 기자재(이하 \"방송통신기자재등\"이라 한다)를 제조 또는 판매하거나 수입하려는 자는 해당 기자재에 대하여 다음 각 호의 기준(이하 \"적합성평가기준\"이라 한다)에 따라 제2항에 따른 적합인증, 제3항 및 제4항에 따른 적합등록 또는 제7항에 따른 잠정인증(이하 \"적합성평가\"라 한다)을 받아야 한다. \n    1.   1. 제37조 및 제45조에 따른 기술기준\n    2.   2. 제47조의2에 따른 전자파 인체보호기준\n    3.   3. 제47조의3제1항에 따른 전자파적합성기준\n    4.   4. 「방송통신발전 기본법」 제28조에 따른 기술기준\n    5.   5. 「전기통신사업법」 제61조·제68조·제69조에 따른 기술기준\n    6.   6. 「방송법」 제79조에 따른 기술기준\n    7.   7. 다른 법률에서 방송통신기자재등과 관련하여 방송통신위원회가 정하도록 한 기술기준이나 표준\n\n2.   ② 전파환경 및 방송통신망 등에 위해를 줄 우려가 있는 기자재와 중대한 전자파장해를 주거나 전자파로부터 정상적인 동작을 방해받을 정도의 영향을 받는 기자재를 제조 또는 판매하거나 수입하려는 자는 해당 기자재에 대하여 제58조의5에 따른 지정시험기관의 적합성평가기준에 관한 시험을 거쳐 방송통신위원회의 적합인증을 받아야 한다.\n3.   ③ 제2항에 따른 적합인증의 대상이 아닌 방송통신기자재등을 제조 또는 판매하거나 수입하려는 자는 제58조의5에 따른 지정시험기관의 적합성평가기준에 관한 시험을 거쳐 해당 기자재가 적합성평가기준에 적합함을 확인한 후 그 사실을 방송통신위원회에 등록하여야 한다. 다만, 불량률 등을 고려하여 대통령령으로 정하는 기자재에 대하여는 스스로 시험하거나 제58조의5에 따른 지정시험기관이 아닌 시험기관의 시험을 거쳐 방송통신위원회에 등록할 수 있다. \n4.   ④ 제3항에 따른 등록(이하 \"적합등록\"이라 한다)을 한 자는 해당 기자재가 적합성평가기준을 충족함을 증명하는 서류를 비치하여야 한다.\n5.   ⑤ 제2항 및 제3항에 따라 적합성평가를 받은 자가 적합성평가를 받은 사항을 변경하려는 때에는 방송통신위원회에 신고하여야 한다. 이 경우 변경하려는 사항 중 적합성평가기준과 관련된 사항의 변경이 포함된 경우에는 해당 사항에 대하여 제2항 및 제3항에 따른 적합성평가를 받아야 한다.\n6.   ⑥ 적합성평가를 받은 자가 해당 기자재를 판매·대여하거나 판매·대여할 목적으로 진열(인터넷에 게시하는 경우를 포함한다. 이하 같다)·보관·운송하거나 무선국·방송통신망에 설치하려는 경우에는 해당 기자재와 포장에 적합성평가를 받은 사실을 표시하여야 한다.\n7.   ⑦ 방송통신위원회는 방송통신기자재등에 대한 적합성평가기준이 마련되어 있지 아니하거나 그 밖의 사유로 제2항이나 제3항에 따른 적합성평가가 곤란한 경우로서 다음 각 호에 해당하는 경우에는 관련 국내외 표준, 규격 및 기술기준 등에 따른 적합성평가를 한 후 지역, 유효기간 등의 조건을 붙여 해당 기자재의 제조·수입·판매를 허용(이하 \"잠정인증\"이라고 한다)할 수 있다. \n    1.   1. 방송통신망의 침해를 초래하지 아니하는 등 망 이용에 피해를 주지 않는 경우\n    2.   2. 전파에 혼신을 초래하지 아니하는 등 전파이용 환경에 피해를 끼치지 않는 경우\n    3.   3. 이용자의 인명, 재산 등에 피해를 주지 아니하는 등 기자재 이용상 위해가 없는 경우\n\n8.   ⑧ 제7항에 따라 잠정인증을 받은 자는 해당 기자재에 대한 적합성평가기준이 제정되거나 적합성평가가 곤란한 사유가 없어진 경우에는 일정한 기한 내에 제2항이나 제3항에 따른 적합성평가를 받아야 한다.\n9.   ⑨ 잠정인증을 받은 자가 제8항에 따른 기한 내에 적합성평가를 받지 아니한 경우에는 잠정인증의 효력은 소멸한다.\n10.   ⑩ 제1항부터 제9항까지에서 규정한 사항 외에 적합성평가기준과 적합성평가 및 변경신고의 대상, 방법, 절차 등에 관하여 필요한 사항은 대통령령으로 정한다.\n\n###### 제58조의4(적합성평가의 취소 등)\n\n1.   ① 방송통신위원회는 적합성평가를 받은 자가 다음 각 호의 어느 하나에 해당하는 경우에는 대통령령으로 정하는 바에 따라 해당 기자재에 대한 적합성평가를 취소하거나 개선, 시정, 수거, 철거, 파기 또는 생산중지, 수입중지, 판매중지, 사용중지 등 필요한 조치를 명할 수 있다. \n    1.   1. 해당 방송통신기자재등이 적합성평가기준에 적합하지 아니하게 된 경우\n    2.   2. 적합성평가표시를 하지 아니하거나 거짓으로 표시한 경우\n    3.   3. 적합성평가의 변경신고를 하지 아니한 경우\n    4.   4. 제58조의2제4항을 위반하여 관련 서류를 비치하지 아니한 경우\n\n2.   ②, ③ 생략\n\n##### 전파법 시행령| 대통령령 제23082호, 2011. 8.19, 타법개정\n\n###### 제77조의2(적합인증)\n\n1.   ① 법 제58조의2제2항에 따른 적합인증(이하 \"적합인증\"이라 한다)을 받아야 하는 방송통신기자재와 전자파장해를 주거나 전자파로부터 영향을 받는 기자재(이하 \"방송통신기자재등\"이라 한다)는 다음 각 호와 같다. \n    1.   1. 전파환경 및 방송통신망 등에 위해를 줄 우려가 있는 방송통신기자재등\n    2.   2. 중대한 전자파장해를 주거나 전자파로부터 정상적인 동작을 방해받을 정도의 영향을 받는 방송통신기자재등\n    3.   3. 그 밖에 사람의 생명과 안전 등에 중대한 위해를 줄 우려가 있는 방송통신기자재등\n\n2.   ② 적합인증을 받으려는 자는 적합인증신청서(전자문서로 된 신청서를 포함한다)에 부품배치도 및 외관도 등 방송통신위원회가 고시하는 서류(전자문서를 포함한다)를 첨부하여 방송통신위원회에 제출하여야 한다.\n3.   ③ 방송통신위원회는 제2항에 따른 신청에 대하여 적합인증을 한 경우에는 신청인에게 적합인증서를 발급하고, 그 사실을 관보에 공고하여야 한다.\n4.   ④ 제1항부터 제3항까지의 규정에 따른 적합인증의 대상, 절차 및 방법 등에 관하여 필요한 세부사항은 방송통신위원회가 정하여 고시한다\n\n###### 제77조의3(적합등록)\n\n1.   ① 법 제58조의2제3항에 따른 적합등록(이하 \"적합등록\"이라 한다)의 절차·방법 및 공고 등에 관하여는 제77조의2제2항부터 제4항까지의 규정을 준용한다.\n2.   ② 법 제58조의2제3항 단서에서 \"대통령령으로 정하는 기자재\" 란 다음 각 호의 어느 하나에 해당하는 방송통신기자재등으로서 방송통신위원회가 정하여 고시하는 기자재를 말한다. \n    1.   1. 측정·검사용으로 사용되는 방송통신기자재등\n    2.   2. 산업·과학용으로 사용되는 방송통신기자재등\n    3.   3. 그 밖에 기자재의 특성이나 용도 등에 비추어 지정시험기관의 시험이 필요하지 아니한 방송통신기자재등\n\n3.   ③ 적합등록을 한 자는 법 제58조의2제4항에 따라 그 등록을 한 날부터 제조·수입·판매가 중단된 후 5년까지 법 제58조의2제1항에 따른 적합성평가기준(이하 \"적합성평가기준\"이라 한다)에 관한 시험서류 등 방송통신위원회가 정하여 고시하는 서류를 비치하여야 한다.\n\n###### 제77조의5(잠정인증)\n\n1.   ① 법 제58조의2제7항에 따른 잠정인증(이하 \"잠정인증\"이라 한다)의 절차·방법 및 공고 등에 관하여는 제77조의2제2항부터 제4항까지의 규정을 준용한다.\n2.   ② 방송통신위원회는 제1항에 따른 잠정인증 신청의 심사를 위하여 필요하다고 인정하는 경우에는 방송통신위원회가 정하여 고시하는 바에 따라 잠정인증심사위원회를 구성·운영할 수 있다.\n3.   ③ 제1항에 따라 잠정인증을 신청하거나 잠정인증을 받은 자는 그 업무를 위하여 필요한 경우에는 적합성평가기준의 제정이나 개정을 방송통신위원회에 요청할 수 있다.\n\n※ 상기 내용엔 생략된 조항이 있을 수 있으며 현재 시행중인 내용이 아닐 수 있습니다. 법령 전문 및 개정사항, 현재 시행 중인 법령은 법제처 국가법령정보센터([https://www.law.go.kr](https://www.law.go.kr/))에서 직접 확인하시기 바랍니다.\n\n##### 출판물\n\n「출판문화산업진흥법」에 의거 도서정가제 대상 상품은 정가의 15% 이내에서 가격할인과 경제상의 이익을 제공할 수 있으며, 도서가격의 10% 이상을 할인하여 판매할 수 없습니다.\n\n[관련 법령 보기](https://safety.smartstore.naver.com/main/rules/safety/care#)\n\n##### 출판문화산업 진흥법| 법률 제10108호, 2010.3.17, 일부개정\n\n###### 제22조(간행물 정가 표시 및 판매)\n\n1.   ① 출판사가 판매를 목적으로 간행물을 발행할 때에는 소비자에게 판매하는 가격(이하 “정가”라 한다)을 정하여 대통령령으로 정하는 바에 따라 해당 간행물에 표시하여야 한다. <개정 2012. 1. 26., 2014. 5. 20.>\n2.   ② 발행일부터 12개월이 지난 간행물은 대통령령으로 정하는 바에 따라 정가(定價)를 변경할 수 있다. 이 경우 정가표시는 제1항을 준용한다. <신설 2014. 5. 20., 2021. 8. 10.>\n3.   ③ 제1항 및 제2항에도 불구하고 전자출판물의 경우에는 출판사가 정가를 서지정보에 명기하고 전자출판물을 판매하는 자는 출판사가 서지정보에 명기한 정가를 구매자가 식별할 수 있도록 판매사이트에 표시하여야 한다. <신설 2012. 1. 26., 2014. 5. 20.>\n4.   ④ 간행물을 판매하는 자는 이를 정가대로 판매하여야 한다. <개정 2014. 5. 20.>\n5.   ⑤ 제4항에도 불구하고 간행물을 판매하는 자는 독서 진흥과 소비자 보호를 위하여 정가의 15퍼센트 이내에서 가격할인과 경제상의 이익을 자유롭게 조합하여 판매할 수 있다. 이 경우 가격할인은 10퍼센트 이내로 하여야 한다. <신설 2014. 5. 20.>\n6.   ⑥ 제5항에도 불구하고 국가, 지방자치단체, 「공공기관의 운영에 관한 법률」에 따른 공공기관 및 「도서관법」 제4조제2항제1호에 따른 공공도서관에 간행물을 판매하는 자는 정가의 10퍼센트 이내의 가격할인만 제공할 수 있다. <신설 2021. 8. 10., 2021. 12. 7.>\n7.   ⑦ 다음 각 호의 어느 하나에 해당하는 간행물에 대하여는 제4항 및 제5항을 적용하지 아니한다. <개정 2012. 1. 26., 2014. 5. 20., 2021. 8. 10.>\n    1.   1. 삭제 <2014. 5. 20.>\n    2.   2. 사회복지시설에 판매하는 간행물\n    3.   3. 저작권자에게 판매하는 간행물\n    4.   4. 삭제 <2014. 5. 20>\n    5.   5. 그 밖에 대통령령으로 정하는 간행물\n\n8.   ⑧ 제5항에서 “경제상의 이익”이란 간행물의 거래에 부수하여 소비자에게 제공되는 다음 각 호의 어느 하나에 해당하는 것을 말한다. <신설 2014. 5. 20., 2021. 8. 10.>\n    1.   1. 물품\n    2.   2. 마일리지(판매가의 일정 비율에 해당하는 점수 등을 말한다)\n    3.   3. 할인권\n    4.   4. 상품권\n    5.   5. 제1호부터 제4호까지에서 규정한 것 외에 소비자가 통상 대가를 지급하지 아니하고는 취득할 수 없는 것이라고 인정되는 것\n\n[전문개정 2009. 3. 25.]\n\n[시행일: 2022. 12. 8.] 제22조\n\n※ 상기 내용엔 생략된 조항이 있을 수 있으며 현재 시행중인 내용이 아닐 수 있습니다. 법령 전문 및 개정사항, 현재 시행 중인 법령은 법제처 국가법령정보센터([https://www.law.go.kr](https://www.law.go.kr/))에서 직접 확인하시기 바랍니다.\n\n##### 게임·음반·영상물\n\n국내, 국외에서 제작된 모든 음반, 영상물은 '영상물등급위원회’로부터, 게임물은 ‘게임물등급위원회’로부터 등급분류를 받아야만 유통이 가능하므로 등급분류가 없는 상품은 판매할 수 없습니다.\n\n##### 등급 확인\n\n*   음반, 영상물: 영상물등급위원회 홈페이지 [(https://www.kmrb.or.kr)](https://www.kmrb.or.kr/)\n*   게임물: 게임물등급위원회 홈페이지 [(https://www.grac.or.kr)](https://www.grac.or.kr/)\n\n[관련 법령 보기](https://safety.smartstore.naver.com/main/rules/safety/care#)\n\n##### 영화 및 비디오물의 진흥에 관한 법률| 법률 제10219호, 2010. 3.31, 타법개정\n\n###### 제50조(등급분류)\n\n1.   ① 비디오물을 제작 또는 배급(수입을 포함한다. 이하 같다)하는 자는 당해 비디오물을 공급하기 전에 당해 비디오물의 내용에 관하여 영상물등급위원회로부터 등급분류를 받아야 한다. 다만, 다음 각 호의 어느 하나에 해당하는 비디오물의 경우에는 그러하지 아니하다. \n    1.   1. 대가를 받지 아니하고 특정한 장소에서 청소년이 포함되지 아니한 특정인을 대상으로 하여 시청에 제공하는 비디오물\n    2.   2. 대가를 받지 아니하고 정보통신망을 이용하여 공중의 시청에 제공하는 비디오물\n    3.   3. 문화체육관광부장관 또는 관계 중앙행정기관의 장이 추천하는 영상물 대회, 전시회 등에서 시청에 제공하는 비디오물\n    4.   4. 등급분류를 받은 영화(제한상영가 영화를 제외한다)를 동일한 내용으로 제작하는 비디오물. 이 경우 당해 영화의 상영등급을 비디오물의 등급으로 본다.\n    5.   5. 그 밖에 비디오물의 제작 주체, 유통 형태 등에 비추어 보아 등급분류가 필요하지 아니한 비디오물로서 대통령령이\n\n 정하는 것\n\n2.   ② 제1항의 규정에 따라 비디오물의 등급분류를 신청하는 자는 그 비디오물의 제작 또는 배급에 관한 정당한 권리를 가진 자임을 증명하는 서류를 갖추어 등급분류를 신청하여야 한다.\n3.   ③ 제1항의 규정에 의한 비디오물의 등급은 비디오물의 내용, 영상 및 대사 등의 표현 정도에 따라 다음 각 호와 같이 분류한다. \n    1.   1. 전체관람가 : 모든 연령의 자가 시청할 수 있는 비디오물\n    2.   2. 12세 이상 관람가 : 12세 이상의 자가 시청할 수 있는 비디오물\n    3.   3. 15세 이상 관람가 : 15세 이상의 자가 시청할 수 있는 비디오물\n    4.   4. 청소년관람불가 : 청소년은 시청할 수 없는 비디오물\n    5.   5. 제한관람가 : 선정성·폭력성·사회적 행위 등의 표현이 과도하여 인간의 보편적 존엄, 사회적 가치, 선량한 풍속 또는 국민 정서를 현저하게 해할 우려가 있어 시청제공·유통 등에 일정한 제한이 필요한 비디오물\n\n4.   ④ ~ ⑦ 생략\n\n###### 제53조(불법비디오물의 판매 등의 금지)\n\n1.   ① 누구든지 다음 각 호의 어느 하나에 해당하는 비디오물을 제작하거나 공급·판매·대여(이하 \"유통\"이라 한다) 또는 시청에 제공하거나 이를 위하여 진열·보관하여서는 아니 된다. \n    1.   1. 제50조제1항의 규정을 위반하여 등급분류를 받지 아니한 비디오물\n    2.   2. 제51조제1항의 규정을 위반하여 확인을 받지 아니하고 복제하거나 배급한 비디오물\n    3.   3. 제52조제1항의 규정에 따라 등급분류 또는 확인이 취소된 당해 비디오물\n    4.   4. 제57조제1항의 규정을 위반하여 신고를 하지 아니한 자가 제작하거나 수입 또는 배급한 비디오물\n    5.   5. 등급분류를 받은 내용을 변경하거나 등급을 변경한 비디오물\n\n2.   ② 누구든지 등급분류를 받은 비디오물을 제50조제3항의 규정에 의한 등급구분을 위반하여 시청에 제공하여서는 아니 된다.\n3.   ③ 제50조제5항 및 제51조제2항의 규정에 의하여 교부되는 등급분류필증 및 확인필증은 제63조의 규정에 의한 영업의 승계의 경우를 제외하고는 이를 매매 또는 증여하여서는 아니 된다.\n\n##### 음악산업진흥에 관한 법률 | 법률 제10629호, 2011. 5.19, 타법개정\n\n###### 제17조(음악영상물 등의 등급분류 등)\n\n1.   ① 음악영상물과 음악영상파일을 제작 또는 배급(수입을 포함한다)하는 자는 당해 음악영상물과 음악영상파일을 공급하기 전에 그 내용에 관하여 「영화 및 비디오물의 진흥에 관한 법률」 제71조의 규정에 따른 영상물등급위원회로부터 등급분류를 받아야 한다.\n2.   ② 음악영상물·음악영상파일의 등급분류 및 판매(온라인음악서비스제공업자의 서비스제공행위를 포함한다)와 관련하여 「영화 및 비디오물의 진흥에 관한 법률」 제50조 내지 제56조·제65조·제66조·제95조제5호 내지 제7호·제97조·제98조제1항제4호 내지 제6호·제98조제2항제8호 및 제99조의 규정을 준용한다. 이 경우 \"비디오물\"을 \"음악영상물·음악영상파일\"로 본다. \n\n##### 게임산업진흥에 관한 법률| 법률 제10879호, 2011.7.21, 일부개정\n\n###### 제21조(등급분류)\n\n1.   ① 게임물을 유통시키거나 이용에 제공하게 할 목적으로 게임물을 제작 또는 배급하고자 하는 자는 당해 게임물을 제작 또는 배급하기 전에 등급위원회로부터 당해 게임물의 내용에 관하여 등급분류를 받아야 한다. 다만, 다음 각 호의 어느 하나에 해당하는 게임물의 경우에는 그러하지 아니하다. \n    1.   1. 중앙행정기관의 장이 추천하는 게임대회 또는 전시회 등에 이용·전시할 목적으로 제작·배급하는 게임물\n    2.   2. 교육·학습·종교 또는 공익적 홍보활동 등의 용도로 제작·배급하는 게임물로서 대통령령이 정하는 것\n    3.   3. 게임물 개발과정에서 성능·안전성·이용자만족도 등을 평가하기 위한 시험용 게임물로서 대통령령이 정하는 대상·기준과 절차 등에 따른 게임물\n    4.   4. 게임물의 제작주체·유통과정의 특성 등으로 인하여 등급위원회를 통한 사전 등급분류가 적절하지 아니한 게임물 중에서 대통령령으로 정하는 것. 다만, 제9항의 기준에 따른 청소년이용불가 게임물일 경우에는 그러하지 아니하다.\n\n2.   ② 게임물의 등급은 다음 각 호와 같다. \n    1.   1. 전체이용가 : 누구나 이용할 수 있는 게임물\n    2.   2. 12세이용가 : 12세 미만은 이용할 수 없는 게임물\n    3.   3. 15세이용가 : 15세 미만은 이용할 수 없는 게임물\n    4.   4. 청소년이용불가 : 청소년은 이용할 수 없는 게임물\n\n3.   ③ 제2항의 규정에 불구하고 청소년게임제공업과 일반게임제공업에 제공되는 게임물은 전체이용가와 청소년이용불가 게임물로 분류한다.\n4.   ④ ~ ⑪ 생략\n\n###### 제32조(불법게임물 등의 유통금지 등)\n\n1.   ① 누구든지 게임물의 유통질서를 저해하는 다음 각 호의 행위를 하여서는 아니 된다. 다만, 제4호의 경우 「사행행위 등 규제 및 처벌특례법」에 따라 사행행위영업을 하는 자를 제외한다. \n    1.   1. 제21조제1항의 규정에 의하여 등급을 받지 아니한 게임물을 유통 또는 이용에 제공하거나 이를 위하여 진열·보관하는 행위\n    2.   2. 제21조제1항의 규정에 의하여 등급을 받은 내용과 다른 내용의 게임물을 유통 또는 이용에 제공하거나 이를 위하여 진열·보관하는 행위\n    3.   3. 등급을 받은 게임물을 제21조제2항 각 호의 등급구분을 위반하여 이용에 제공하는 행위\n    4.   4. 제22조제2항의 규정에 따라 사행성게임물에 해당되어 등급분류가 거부된 게임물을 유통시키거나 이용에 제공하는 행위 또는 유통·이용제공의 목적으로 진열·보관하는 행위\n    5.   5. 제22조제3항제1호의 규정에 의한 등급분류필증을 매매·증여 또는 대여하는 행위\n    6.   6. 제33조제1항 또는 제2항의 규정을 위반하여 등급 및 게임물내용정보 등의 표시사항을 표시하지 아니한 게임물 또는 게임물의 운영에 관한 정보를 표시하는 장치를 부착하지 아니한 게임물을 유통시키거나 이용에 제공하는 행위\n    7.   7. 누구든지 게임물의 이용을 통하여 획득한 유·무형의 결과물(점수, 경품, 게임 내에서 사용되는 가상의 화폐로서 대통령령이 정하는 게임머니 및 대통령령이 정하는 이와 유사한 것을 말한다)을 환전 또는 환전 알선하거나 재매입을 업으로 하는 행위\n    8.   8. 게임물의 정상적인 운영을 방해할 목적으로 게임물 관련사업자가 제공 또는 승인하지 아니한 컴퓨터프로그램이나 기기 또는 장치를 배포하거나 배포할 목적으로 제작하는 행위\n\n2.   ② 생략\n\n※ 상기 내용엔 생략된 조항이 있을 수 있으며 현재 시행중인 내용이 아닐 수 있습니다. 법령 전문 및 개정사항, 현재 시행 중인 법령은 법제처 국가법령정보센터([https://www.law.go.kr](https://www.law.go.kr/))에서 직접 확인하시기 바랍니다.\n\n##### 청소년유해매체물등\n\n청소년 보호를 위해 별도의 성인인증장치를 적용하지 않은 청소년유해매체물과 청소년유해약물 및 청소년유해물건은 판매할 수 없습니다. 청소년이 이용할 수 없는 상품은 반드시 성인인증장치를 설정하여 등록하여야 합니다.\n\n‘청소년유해매체물’이란 관련 법령에 의하여 청소년보호위원회 또는 각 심의기관이 청소년에게 유해한 것으로 결정 또는 확인하여 여성가족부 장관이 고시한 매체물 ※ 청소년유해매체물 검색: [여성가족부 홈페이지 > 정책가이드 > 청소년 > 청소년유해환경개선 > 청소년유해매체물검색](http://www.mogef.go.kr/sp/yth/sp_yth_f013.do)\n##### 청소년유해매체물의 기준\n\n*   청소년에게 성적인 욕구를 자극하는 선정적인 것이거나 음란한 것\n*   청소년에게 포악성이나 범죄의 충동을 일으킬 수 있는 것\n*   성폭력을 포함한 각종 형태의 폭력행사와 약물의 남용을 자극하거나 미화하는 것\n*   청소년의 건전한 인격과 시민의식의 형성을 저해하는 반사회적·비윤리적인 것\n*   기타 청소년의 정신적·신체적 건강에 명백히 해를 끼칠 우려가 있는 것\n\n##### 청소년유해매체물의 범위\n\n*   영화 및 비디오물의 진흥에 관한 법률의 규정에 의한 비디오물\n*   게임산업진흥에 관한 법률에 의한 게임물\n*   음악산업진흥에 관한 법률에 의한 음반\n*   공연법 및 영화 및 비디오물의 진흥에 관한 법률의 규정에 의한 영화·연극·음악·무용, 기타 오락적 관람물\n*   전기통신사업법 및 전기통신기본법의 규정에 의한 전기통신을 통한 부호·문언·음향 또는 영상정보\n*   기타 청소년의 정신적·신체적 건강을 해칠 우려가 있다고 인정되는 것으로서 대통령령이 정하는 매체\n\n##### 청소년유해약물\n\n*   주세법의 규정에 의한 주류\n*   담배사업법의 규정에 의한 담배\n*   마약류 관리에 관한 법률의 규정에 의한 마약류\n\n - 톨루엔, 초산에틸, 메틸알콜\n\n - 위 물질이 들어있는 시너, 접착제, 풍선류 또는 도료 등\n\n - 부탄가스 \n*   기타 중추신경에 작용하여 습관성, 중독성, 내성 등을 유발하여 인체에 유해작용을 미칠 수 있는 약물 등 청소년의 사용을 제한하지 않으면 청소년의 심신을 심각하게 훼손할 우려가 있는 약물로서 대통령령이 정하는 기준에 따라 청소년보호위원회가 결정하여\n\n 고시한 것\n\n##### 청소년유해물건\n\n*   청소년에게 음란한 행위를 조장하는 성기구 등 청소년의 사용을 제한하지 아니하면 청소년의 심신을 심각하게 훼손할 우려가 있는 성관련 물건으로서 대통령령이 정하는 기준에 따라 청소년보호위원회가 결정하여 고시한 것\n\n - 레이저 포인터류: 레이저 빔을 이용한 지시기\n\n - 성기구: 남성용 성기확대∙단련 기구류, 남성용 여성 성기자극 기구류(요철식 특수콘돔 등), 남성/여성용 자위행위 기구류\n\n - 전자담배 기기장치류: 니코틴 용액을 흡입할 수 있는 저자장치 및 그 부속품(배터리, 무화기, 카트리지 등) \n\n[관련 법령 보기](https://safety.smartstore.naver.com/main/rules/safety/care#)\n\n##### 청소년보호법| 법률 제11179호, 2012. 1.17, 일부개정\n\n###### 제2조(정의)\n\n이 법에서 사용하는 용어의 정의는 다음과 같다. <개정 1999.2.5, 1999.3.31, 2000.1.12, 2001.4.7, 2001.5.24, 2004.1.29, 2004.12.31, 2005.3.24, 2005.12.29, 2006.4.28, 2008.2.29, 2010.1.18>\n\n1.   1. \"청소년\"이라 함은 만 19세 미만의 자를 말한다. 다만, 만 19세에 도달하는 해의 1월 1일을 맞이한 자를 제외한다.\n2.   2. \"매체물\"이라 함은 제7조 각호의 1에 해당하는 것을 말한다.\n3.   3. \"청소년유해매체물\"이라 함은 다음 각목의 1에 해당하는 것을 말한다. \n    1.   가. 제8조 및 제12조의 규정에 의하여 청소년보호위원회가 청소년에게 유해한 것으로 결정하거나 확인하여 여성가족부장관이 이를 고시한 매체물\n    2.   나. 제8조제1항 단서의 규정에 의한 각 심의기관이 청소년에게 유해한 것으로 의결 또는 결정(이하 \"결정\"이라 한다)하여 여성가족부장관이 고시하거나 제12조의 규정에 의하여 청소년에게 유해한 것으로 확인하여 여성가족부장관이 고시한 매체물\n\n4.   4. \"청소년유해약물등\"이라 함은 청소년에게 유해한 것으로 인정되는 다음 가목 (1) 내지 (7)에 해당하는 약물(이하 \"청소년유해약물\"이라 한다)과 청소년에게 유해한 것으로 인정되는 다음 나목 (1) 또는 (2)에 해당하는 물건(이하 \"청소년유해물건\"이라 한다)을 말한다. \n    1.   가. 청소년유해약물 \n        1.   (1) 「주세법」의 규정에 의한 주류\n        2.   (2) 「담배사업법」의 규정에 의한 담배\n        3.   (3) 「마약류관리에 관한 법률」의 규정에 의한 마약류\n        4.   (4) 삭제 <2000.1.12>\n        5.   (5) 삭제 <2000.1.12>\n        6.   (6) 「유해화학물질 관리법」의 규정에 의한 환각물질\n        7.   (7) 기타 중추신경에 작용하여 습관성, 중독성, 내성 등을 유발하여 인체에 유해작용을 미칠 수 있는 약물 등 청소년의 사용을 제한하지 아니하면 청소년의 심신을 심각하게 훼손할 우려가 있는 약물로서 대통령령이 정하는 기준에 따라 관계 기관의 의견을 들어 청소년보호위원회가 결정하고 여성가족부장관이 이를 고시한 것\n\n    2.   나. 청소년유해물건 \n        1.   (1) 청소년에게 음란한 행위를 조장하는 성기구 등 청소년의 사용을 제한하지 아니하면 청소년의 심신을 심각하게 훼손할 우려가 있는 성관련 물건으로서 대통령령이 정하는 기준에 따라 청소년보호위원회가 결정하고 여성가족부장관이 이를 고시한 것\n        2.   (2) 청소년에게 음란성·포악성·잔인성·사행성 등을 조장하는 완구류 등 청소년의 사용을 제한하지 아니하면 청소년의 심신을 심각하게 훼손할 우려가 있는 물건으로서 대통령령이 정하는 기준에 따라 청소년보호위원회가 결정하고 여성가족부장관이 이를 고시한 것\n\n5.   5. ~ 7. 생략\n\n###### 제7조(매체물의 범위)\n\n이 법에서 매체물이라 함은 다음 각호의 1에 해당하는 것을 말한다.\n\n<개정 1999.2.5, 2001.5.24, 2004.1.29, 2005.3.24, 2006.4.28, 2009.7.31>\n\n1.   1.「영화 및 비디오물의 진흥에 관한 법률」의 규정에 의한 비디오물, 「게임산업진흥에 관한 법률」에 의한 게임물 및 「음악산업진흥에 관한 법률」에 의한 음반\n2.   2. 삭제 <2001.5.24>\n3.   3. 「공연법」 및 「영화 및 비디오물의 진흥에 관한 법률」의 규정에 의한 영화·연극·음악·무용, 기타 오락적 관람물\n4.   4. 「전기통신사업법」 및 「전기통신기본법」의 규정에 의한 전기통신을 통한 부호·문언·음향 또는 영상정보\n5.   5. 「방송법」의 규정에 의한 방송프로그램. 다만, 보도방송프로그램을 제외한다.\n6.   6. 「신문 등의 진흥에 관한 법률」에 따른 일반일간신문(주로 정치·경제·사회에 관한 보도·논평 및 여론을 전파하는 신문을 제외한다)·특수일간신문(경제·산업·과학·종교분야를 제외한다)·일반주간신문(정치·경제분야를 제외한다)·특수주간신문(경제·산업·과학·시사·종교분야를 제외한다), 「잡지 등 정기간행물의 진흥에 관한 법률」에 따른 잡지(정치·경제·산업·과학·시사·종교분야를 제외한다) 및 대통령령으로 정하는 그 밖의 간행물(이하 \"정기간행물등\"이라 한다)과 정기간행물 외의 간행물 중 만화·사진첩·화보류·소설 등의 도서류, 전자출판물, 그 밖에 대통령령으로 정하는 것 \n7.   7. 「옥외광고물 등 관리법」의 규정에 의한 간판·입간판·벽보·전단 기타 이와 유사한 상업적 광고선전물과 제1호 내지 제6호의 규정에 의한 각종 매체물에 수록·게재·전시, 기타 방법으로 포함된 상업적 광고선전물\n8.   8. 기타 청소년의 정신적·신체적 건강을 해칠 우려가 있다고 인정되는 것으로서 대통령령이 정하는 매체물\n\n###### 제14조(표시의무)\n\n1.   ① 청소년유해매체물에 대해서는 청소년에게 유해한 매체물임을 나타내는 표시(이하 \"청소년유해표시\"라 한다)를 하여야 한다.\n2.   ② 제1항의 규정에 의한 청소년유해표시를 하여야 할 의무자, 청소년유해표시의 종류와 시기·방법 기타 필요한 사항은 대통령령으로 정한다.\n\n###### 제15조(포장의무)\n\n1.   ① 청소년유해매체물에 대해서는 이를 포장하여야 한다. 다만, 매체물의 특성상 포장할 수 없는 것은 그러하지 아니하다.\n2.   ② 제1항의 규정에 의한 포장을 하여야 할 매체물의 종류, 포장의무자, 포장방법 기타 포장에 관하여 필요한 사항은 대통령령으로 정한다.\n\n###### 제17조(판매금지등)\n\n1.   ① 청소년유해매체물을 판매·대여·배포하거나 시청·관람·이용에 제공하고자 하는 자는 그 상대방의 연령을 확인하여야 하고, 청소년에게 이를 판매·대여·배포하거나 시청·관람·이용에 제공하여서는 아니된다. <개정 2001.5.24>\n2.   ② 제14조의 규정에 의하여 청소년유해표시를 하여야 할 매체물은 청소년유해표시가 되지 아니한 상태에서는 당해 매체물의 판매 또는 대여를 위하여 전시 또는 진열하여서는 아니된다.\n3.   ③ 제15조의 규정에 의하여 포장을 하여야 할 매체물은 포장이 되지 아니한 상태에서는 당해 매체물의 판매 또는 대여를 위하여 전시 또는 진열하여서는 아니된다.\n4.   ④ 청소년유해매체물의 판매금지 등에 관하여 기타 필요한 사항은 대통령령으로 정한다.\n\n###### 제26조(청소년유해약물등으로부터 청소년보호)\n\n1.   ① 누구든지 청소년을 대상으로 하여 청소년유해약물등을 판매·대여·배포하여서는 아니된다. 이 경우 자동기계장치·무인판매장치·통신장치에 의하여 판매·대여·배포한 경우를 포함한다. 다만, 학습용·공업용 또는 치료용으로 판매되는 것으로서 대통령령이 정하는 것은 그러하지 아니하다. <개정 2001.5.24>\n2.   ②, ③ 생략\n3.   ④ 제14조 내지 제16조의 규정은 청소년유해약물 등에 이를 준용한다.\n\n###### 제50조(벌칙)\n\n다음 각호의 1에 해당하는 자는 3년 이하의 징역 또는 2천만원 이하의 벌금에 처한다.\n\n<개정 1999.2.5, 2000.2.3, 2001.5.24, 2004.1.29>\n\n1.   1. 영리를 목적으로 제17조제1항의 규정에 위반하여 청소년에게 청소년유해매체물을 판매·대여·배포하거나 시청·관람·이용에 제공한 자\n\n1의2. 생략\n2.   2. 생략\n3.   3. 제26조제1항의 규정에 위반하여 청소년에게 제2조제4호 가목(6) 또는 (7)의 약물 또는 나목의 물건을 판매·대여·배포한 자\n4.   4. 5. 생략\n\n※ 상기 내용엔 생략된 조항이 있을 수 있으며 현재 시행중인 내용이 아닐 수 있습니다. 법령 전문 및 개정사항, 현재 시행 중인 법령은 법제처 국가법령정보센터([https://www.law.go.kr](https://www.law.go.kr/))에서 직접 확인하시기 바랍니다.\n\n##### 자동차연료·첨가제 또는 촉매제\n\n「대기환경보전법」에 의거 자동차 연료∙첨가제 및 촉매제는 지정된 기관으로부터 제조기준의 적합성에 대해 사전 검사를 받지 않은 경우 판매할 수 없습니다.\n\n‘첨가제’란 자동차의 성능을 향상시키거나 배출가스를 줄이기 위하여 자동차의 연료에 첨가하는 탄소와 수소만으로 구성된 물질을 제외한 화학물질‘촉매제’란 배출가스를 줄이는 효과를 높이기 위하여 배출가스저감장치에 사용되는 화학물질\n\n[관련 법령 보기](https://safety.smartstore.naver.com/main/rules/safety/care#)\n\n##### 대기환경보전법| 법률 제11256호, 2012.2.1, 일부개정\n\n###### 제74조(자동차연료·첨가제 또는 촉매제의 검사 등)\n\n1.   ① 자동차연료·첨가제 또는 촉매제를 제조(수입을 포함한다. 이하 이 조, 제75조, 제82조제1항제9호, 제89조제9호 및 제91조제10호에서 같다)하려는 자는 환경부령으로 정하는 제조기준(이하 \"제조기준\"이라 한다)에 맞도록 제조하여야 한다.\n\n<개정 2008.12.31>\n2.   ② 자동차연료·첨가제 또는 촉매제를 제조하려는 자는 제조기준에 맞는지에 대하여 미리 환경부장관으로부터 검사를 받아야 한다. <신설 2008.12.31>\n3.   ③ 누구든지 제2항에 따른 검사 결과 제조기준에 맞지 아니한 것으로 판정된 자동차연료·첨가제 또는 촉매제를 자동차연료·첨가제 또는 촉매제로 공급·판매하거나 사용하여서는 아니 된다. 다만, 학교나 연구기관 등 환경부령으로 정하는 자가 시험·연구 목적으로 제조·공급하거나 사용하는 경우에는 그러하지 아니하다. <개정 2008.12.31>\n4.   ④ 환경부장관은 자동차연료·첨가제 또는 촉매제로 환경상의 위해가 발생하거나 인체에 매우 유해한 물질이 배출된다고 인정하면 환경부령으로 정하는 바에 따라 그 제조·판매 또는 사용을 규제할 수 있다. <개정 2008.12.31>\n5.   ⑤ 첨가제 또는 촉매제를 제조하려는 자는 환경부령으로 정하는 바에 따라 첨가제 또는 촉매제가 제2항에 따른 검사를 받고 제조기준에 맞는 제품임을 표시하여야 한다. <개정 2008.12.31>\n6.   ⑥ 제2항에 따른 검사를 받으려는 자는 환경부령으로 정하는 수수료를 내야 한다. <개정 2008.12.31>\n7.   ⑦ 제2항에 따른 검사의 방법 및 절차는 환경부령으로 정한다. <개정 2008.12.31>\n\n###### 제75조(자동차연료·첨가제 또는 촉매제 제조·공급·판매중지)\n\n1.   ① 환경부장관은 제74조제2항을 위반하여 검사를 받지 아니하거나 검사받은 내용과 다르게 자동차연료·첨가제 또는 촉매제를 제조하는 자에 대하여는 그 제조의 중지를 명할 수 있다. <개정 2008.12.31>\n2.   ② 환경부장관은 제74조제3항을 위반하여 제조기준에 맞지 아니한 것으로 판정된 자동차연료·첨가제 또는 촉매제를 공급하거나 판매한 자에 대하여는 공급이나 판매의 중지를 명할 수 있다. <개정 2008.12.31>\n\n###### 제89조(벌칙)\n\n다음 각 호의 어느 하나에 해당하는 자는 7년 이하의 징역이나 1억원 이하의 벌금에 처한다. <개정 2008.12.31, 2012.2.1>\n\n1.   1. ~ 8. 생략\n2.   9. 제74조제1항을 위반하여 자동차연료·첨가제 또는 촉매제를 제조기준에 맞지 아니하게 제조한 자\n3.   10. 제74조제2항을 위반하여 자동차연료·첨가제 또는 촉매제의 검사를 받지 아니한 자\n4.   11. 제74조제3항 본문을 위반하여 자동차연료를 공급하거나 판매한 자\n5.   12. 제75조에 따른 제조 또는 공급·판매의 중지명령을 위반한 자\n\n###### 제90조(벌칙)\n\n다음 각 호의 어느 하나에 해당하는 자는 5년 이하의 징역이나 3천만 원 이하의 벌금에 처한다. <개정 2008.12.31>\n\n1.   1. ~ 10. 생략\n2.   11. 제74조제3항 본문을 위반하여 첨가제 또는 촉매제를 공급하거나 판매한 자\n\n###### 제91조(벌칙)\n\n다음 각 호의 어느 하나에 해당하는 자는 1년 이하의 징역이나 500만원 이하의 벌금에 처한다. <개정 2008.12.31>\n\n1.   1. ~ 8. 생략\n2.   9. 제74조제3항 본문을 위반하여 자동차연료를 사용한 자\n3.   10. 제74조제4항에 따른 규제를 위반하여 자동차연료·첨가제 또는 촉매제를 제조하거나 판매한 자\n4.   11. 제74조제5항을 위반하여 검사를 받은 제품임을 표시하지 아니하거나 거짓으로 표시한 자\n5.   12. 생략\n\n※ 상기 내용엔 생략된 조항이 있을 수 있으며 현재 시행중인 내용이 아닐 수 있습니다. 법령 전문 및 개정사항, 현재 시행 중인 법령은 법제처 국가법령정보센터([https://www.law.go.kr](https://www.law.go.kr/))에서 직접 확인하시기 바랍니다.\n\n##### 유해화학물질\n\n「유해화학물질관리법」에 의거 유독물, 관찰물질, 취급제한물질 및 취급금지물질을 판매하기 위해서는 해당물질들을 취급하는데 필요한 일정한 시설을 갖춘 후 유독물판매업 등록을 하거나 취급제한물질∙취급금지물질 판매업 허가를 받아야만 합니다.\n\n[관련 법령 보기](https://safety.smartstore.naver.com/main/rules/safety/care#)\n\n##### 유해화학물질 관리법| 법률 제11260호, 2012.2.1, 일부개정\n\n###### 제20조(유독물영업의 등록)\n\n1.   ① 다음 각 호의 어느 하나에 해당하는 영업을 하려는 자는 환경부령으로 정하는 기준에 맞는 취급시설을 갖추어 환경부령으로 정하는 바에 따라 업종별로 특별시장·광역시장·도지사·특별자치도지사(이하 \"시·도지사\"라 한다)에게 등록하여야 한다. 다만, 기계나 장치에 내장되어 있는 유독물을 판매, 보관·저장, 운반 또는 사용하는 영업을 하는 자 등 대통령령으로 정하는 자의 경우에는 그러하지 아니하다. <개정 2012.2.1>\n    1.   1. 유독물 제조업(판매를 목적으로 유독물을 제조하는 영업을 말한다)\n    2.   2. 유독물 판매업\n    3.   3. 유독물 보관·저장업\n    4.   4. 유독물 운반업\n    5.   5. 유독물 사용업(유독물을 사용하여 제품을 제조하거나 세척·도장 등 작업과정 중 유독물을 사용하는 영업을 말한다)\n\n2.   ②, ③ 생략\n\n###### 제31조(관찰물질 제조·수입의 신고 등)\n\n1.   ① 관찰물질을 제조하거나 수입하려는 자는 환경부령으로 정하는 바에 따라 관찰물질의 종류, 관찰물질별 제조예정량·수입예정량, 주요 용도 등을 환경부장관에게 신고하여야 한다. 다만, 시험·연구·검사용 시약을 해당 목적으로 제조하거나 수입하는 경우 등 대통령령으로 정하는 관찰물질은 그러하지 아니하다.\n2.   ② 생략\n\n###### 제34조(취급제한·금지물질영업의 허가 등)\n\n1.   ① 다음 각 호의 어느 하나에 해당하는 영업을 하려는 자는 환경부령으로 정하는 기준에 맞는 취급시설을 갖추어 환경부령으로 정하는 바에 따라 업종별로 환경부장관의 허가를 받아야 한다. 다만, 취급제한물질 중 유독물이 아닌 취급제한물질을 보관·저장 또는 운반하는 영업을 하려는 자 등 대통령령으로 정하는 경우에는 그러하지 아니하다. \n    1.   1. 취급제한물질 제조업 또는 수입업(판매 목적으로 취급제한물질을 제조하거나 수입하는 영업에 한정한다)\n    2.   2. 취급제한물질 판매업\n    3.   3. 취급제한물질 보관·저장업\n    4.   4. 취급제한물질 운반업\n    5.   5. 취급제한물질 사용업[취급제한물질을 사용하여 제품을 제조하거나 세척(洗滌)·도장(塗裝) 등 작업과정 중 취급제한물질을 사용하는 영업에 한정한다]\n\n2.   ② 누구든지 취급금지물질을 영업목적으로 제조, 수입, 판매, 보관·저장, 운반, 사용하여서는 아니 된다. 다만, 취급금지물질에 해당하는 시험·연구·검사용 시약을 그 목적으로 제조·수입·판매하는 영업을 하려는 자가 환경부령으로 정하는 바에 따라 환경부장관의 허가를 받은 경우는 그러하지 아니하다.\n3.   ③, ④ 생략\n4.   ⑤ 제1항 또는 제2항 단서에 따라 허가받은 취급제한·금지물질영업자는 제32조제3항에 따라 고시된 내용을 지켜야 한다. <개정 2012.2.1>\n5.   ⑥ 취급제한·금지물질영업자에 대하여는 제21조부터 제26조까지, 제28조부터 제30조까지의 규정을 준용하되, 취급제한·금지물질 중 유독물이 아닌 취급제한·금지물질의 영업자에 대하여는 제21조, 제26조 및 제28조를 준용한다. 이 경우 \"시·도지사\"는 \"환경부장관\"으로, \"유독물\"은 \"취급제한·금지물질\"로, \"유독물영업\"은 \"취급제한·금지물질영업\"으로, \"유독물영업자\"는 \"취급제한·금지물질영업자\"로, \"유독물 취급시설\"은 \"취급제한·금지물질 취급시설\"로, \"유독물관리자\"는 \"취급제한·금지물질 관리자\"로, \"등록\"은 \"허가\"로 본다. <개정 2012.2.1>\n\n###### 제57조(벌칙)\n\n다음 각 호의 어느 하나에 해당하는 자는 5년 이하의 징역 또는 5천만원 이하의 벌금에 처한다.\n\n1.   1. 생략\n2.   2. 제20조제1항 본문에 따른 유독물영업의 등록을 하지 아니하거나 거짓으로 등록하고 영업을 한 자\n3.   3. 제34조제1항을 위반하여 취급제한물질영업의 허가를 받지 아니하거나 거짓으로 허가받고 영업을 한 자\n4.   4. 생략\n\n###### 제63조(과태료)\n\n1.   ① 다음 각 호의 어느 하나에 해당하는 자에게는 200만원 이하의 과태료를 부과한다. <개정 2010.5.25, 2012.2.1>\n    1.   1. ~ 6. 생략\n    2.   7. 제31조제1항 본문에 따른 신고를 하지 아니하거나 거짓으로 신고하고 관찰물질을 제조하거나 수입한 자\n\n※ 상기 내용엔 생략된 조항이 있을 수 있으며 현재 시행중인 내용이 아닐 수 있습니다. 법령 전문 및 개정사항, 현재 시행 중인 법령은 법제처 국가법령정보센터([https://www.law.go.kr](https://www.law.go.kr/))에서 직접 확인하시기 바랍니다.\n\n*   [네이버페이 이용약관](https://new-m.pay.naver.com/member/terms-policy/npay-usage)|\n*   [전자금융거래 이용약관](https://new-m.pay.naver.com/member/terms-policy/finance)|\n*   [**개인정보처리방침**](https://business.naver.com/privacy/privacy.html)|\n*   [책임의 한계와 법적고지](https://smartstore.naver.com/main/rules/responsibility)|\n*   [청소년보호정책](https://policy.naver.com/rules/youthpolicy.html)|\n*   [권리보호센터](https://right.naver.com/)|\n*   [안전거래 가이드](https://safety.smartstore.naver.com/main/rules/safety)|\n*   [쇼핑&페이 고객센터](https://help.pay.naver.com/)\n\n네이버㈜ 사업자등록번호 220-81-62517|통신판매업신고번호 2006-경기성남-0692호\n\n 대표이사 최수연|경기도 성남시 분당구 정자일로 95, NAVER 1784, 13561\n\n 전화 1588-3819|[사업자등록정보 확인](https://www.ftc.go.kr/bizCommPop.do?wrkr_no=2208162517)고객센터 강원도 춘천시 퇴계로 89 강원전문건설회관\n\n 전화 1588-3819[전화전 클릭](https://help.pay.naver.com/mail/form.nhn)\n\n 결제도용신고 1588-3816\n\n 이메일 [helpcustomer@naver.com](mailto:helpcustomer@naver.com)전자금융거래 분쟁처리 전화 1588-3819\n\n 이메일 [helpcustomer@naver.com](mailto:helpcustomer@naver.com)\n\n네이버㈜는 결제정보의 중개서비스 또는 통신판매중개시스템의 제공자로서, 통신판매의 당사자가 아니며, 상품의 주문, 배송 및 환불 등과 관련한 의무와 책임은 각 판매자에게 있습니다.\n\n또한 판매자와 구매자간의 직거래에 대하여 당사는 관여하지 않기 때문에 거래에 대해서는 책임을 지지 않습니다.\n\n[NAVER](https://www.navercorp.com/)_Copyright ©_[**NAVERCorp.**](https://www.navercorp.com/)All Rights Reserved."
      },
      {
        "platform": "naver",
        "title": "스마트스토어 고객센터",
        "url": "https://help.sell.smartstore.naver.com/index.help",
        "snippet": "스마트스토어 고객센터\n\nNAVER스마트스토어센터\n\n로그인\n\n궁금할 땐 톡톡상담하세요!\n\n톡톡상담\n\n   홈\n       홈\n\n   회원가입\n       신규 회원가입\n       초대로 회원가입\n       아이디/비밀번호 찾기\n       탈퇴/재가입\n       네이버 쇼핑 입점\n       2단계 인증\n\n   상품관리\n       그룹상품 리뷰이동\n       그룹상품 노출 관리\n       상품 조회/수정\n       상품 등록\n       상품 일괄등록\n       카탈로그 가격관리\n       연관상품 관리\n       사진 보관함\n       배송정보 관리\n       템플릿 관리\n       공지사항 관리\n       상품정보 검색품질(SEO)\n       구독 관리\n       상품명 마스터\n       등록 정보 검토\n       검색 순위 진단 [...] 문의/리뷰관리\n       문의 관리\n       고객문의 관리\n       리뷰 관리\n       리뷰이벤트 관리\n       상품상세 블로그글 노출\n       톡톡 상담하기\n       톡톡 쇼핑챗봇/AI FAQ 설정\n\n   스토어관리\n       스마트스토어\n       카테고리 관리\n       쇼핑스토리 관리\n       쇼핑라이브 숏클립 등록\n       기본정보 관리\n       API 관리\n       SNS 설정\n       쇼핑윈도 노출 신청\n       네이버 서비스 연결\n       가격비교 서비스 연결\n\n   혜택/마케팅\n       혜택 등록\n       혜택 조회/수정\n       혜택 리포트\n       포인트 지급관리\n       포인트 지급내역 조회\n       고객등급 관리\n       마케팅 보내기\n       마케팅 이력\n       마케팅 통계\n       AI 마케팅 효과분석\n       마케팅 링크 관리 [...] 이용약관\n   전자금융거래 이용약관\n   개인정보 처리방침\n   청소년 보호정책\n   책임의 한계와 법적고지\n   안전거래가이드\n   고객센터\n\n네이버㈜는 결제정보의 중개서비스 또는 통신판매중개시스템의 제공자로서, 통신판매의 당사자가 아니며, 상품의 주문, 배송 및 환불 등과 관련한 의무와 책임은 각 판매자에게 있습니다.\n\n또한 판매자와 구매자간의 직거래에 대하여 당사는 관여하지 않기 때문에 거래에 대해서는 책임을 지지 않습니다.\n\n   사업자등록번호 : 220-81-62517\n   통신판매업신고번호 : 제2006-경기성남-0692호\n   대표이사 : 최수연\n   사업자정보확인\n   주소 : 경기도 성남시 분당구 정자일로 95, NAVER 1784 (13561)\n   전화 : 1588-3819\n   이메일 : helpcustomer@naver.com\n   1:1문의\n\nNAVER\n\nCopyright © NAVER Corp. All rights reserved.",
        "score": 0.046573047,
        "timestamp": "2025-11-29T02:23:20.952669",
        "raw_content": "스마트스토어 고객센터\n\n===============\n\n[NAVER](http://www.naver.com/ \"NAVER\")[스마트스토어센터](https://sell.smartstore.naver.com/ \"스마트스토어센터\")\n===============================================================================================\n\n[로그인](https://help.sell.smartstore.naver.com/index.help#)\n\n궁금할 땐 톡톡상담하세요!\n\n[톡톡상담](https://help.sell.smartstore.naver.com/index.help#)\n\n*   [홈](https://help.sell.smartstore.naver.com/index.help)\n    *   [홈](https://help.sell.smartstore.naver.com/faq/list.help?categoryId=11082)\n\n*   [회원가입](https://help.sell.smartstore.naver.com/index.help)\n    *   [신규 회원가입](https://help.sell.smartstore.naver.com/faq/list.help?categoryId=535)\n    *   [초대로 회원가입](https://help.sell.smartstore.naver.com/faq/list.help?categoryId=536)\n    *   [아이디/비밀번호 찾기](https://help.sell.smartstore.naver.com/faq/list.help?categoryId=537)\n    *   [탈퇴/재가입](https://help.sell.smartstore.naver.com/faq/list.help?categoryId=538)\n    *   [네이버 쇼핑 입점](https://help.sell.smartstore.naver.com/faq/list.help?categoryId=539)\n    *   [2단계 인증](https://help.sell.smartstore.naver.com/faq/list.help?categoryId=924)\n\n*   [상품관리](https://help.sell.smartstore.naver.com/index.help)\n    *   [그룹상품 리뷰이동](https://help.sell.smartstore.naver.com/faq/list.help?categoryId=11086)\n    *   [그룹상품 노출 관리](https://help.sell.smartstore.naver.com/faq/list.help?categoryId=11126)\n    *   [상품 조회/수정](https://help.sell.smartstore.naver.com/faq/list.help?categoryId=540)\n    *   [상품 등록](https://help.sell.smartstore.naver.com/faq/list.help?categoryId=541)\n    *   [상품 일괄등록](https://help.sell.smartstore.naver.com/faq/list.help?categoryId=542)\n    *   [카탈로그 가격관리](https://help.sell.smartstore.naver.com/faq/list.help?categoryId=848)\n    *   [연관상품 관리](https://help.sell.smartstore.naver.com/faq/list.help?categoryId=649)\n    *   [사진 보관함](https://help.sell.smartstore.naver.com/faq/list.help?categoryId=543)\n    *   [배송정보 관리](https://help.sell.smartstore.naver.com/faq/list.help?categoryId=544)\n    *   [템플릿 관리](https://help.sell.smartstore.naver.com/faq/list.help?categoryId=545)\n    *   [공지사항 관리](https://help.sell.smartstore.naver.com/faq/list.help?categoryId=546)\n    *   [상품정보 검색품질(SEO)](https://help.sell.smartstore.naver.com/faq/list.help?categoryId=811)\n    *   [구독 관리](https://help.sell.smartstore.naver.com/faq/list.help?categoryId=1006)\n    *   [상품명 마스터](https://help.sell.smartstore.naver.com/faq/list.help?categoryId=10931)\n    *   [등록 정보 검토](https://help.sell.smartstore.naver.com/faq/list.help?categoryId=11139)\n    *   [검색 순위 진단](https://help.sell.smartstore.naver.com/faq/list.help?categoryId=11140)\n\n*   [쇼핑윈도관리](https://help.sell.smartstore.naver.com/index.help)\n    *   [쇼핑윈도 상품 조회/수정](https://help.sell.smartstore.naver.com/faq/list.help?categoryId=547)\n    *   [쇼핑윈도 상품 불러오기](https://help.sell.smartstore.naver.com/faq/list.help?categoryId=548)\n    *   [쇼핑윈도 소식 관리](https://help.sell.smartstore.naver.com/faq/list.help?categoryId=549)\n    *   [쇼핑윈도 스토어 관리](https://help.sell.smartstore.naver.com/faq/list.help?categoryId=551)\n\n*   [판매관리](https://help.sell.smartstore.naver.com/index.help)\n    *   [주문통합검색](https://help.sell.smartstore.naver.com/faq/list.help?categoryId=791)\n    *   [선물 수락대기](https://help.sell.smartstore.naver.com/faq/list.help?categoryId=558)\n    *   [미결제확인](https://help.sell.smartstore.naver.com/faq/list.help?categoryId=559)\n    *   [발주(주문)확인/발송관리](https://help.sell.smartstore.naver.com/faq/list.help?categoryId=560)\n    *   [배송현황 관리](https://help.sell.smartstore.naver.com/faq/list.help?categoryId=561)\n    *   [구매확정 내역](https://help.sell.smartstore.naver.com/faq/list.help?categoryId=562)\n    *   [취소 관리](https://help.sell.smartstore.naver.com/faq/list.help?categoryId=563)\n    *   [반품 관리](https://help.sell.smartstore.naver.com/faq/list.help?categoryId=564)\n    *   [교환 관리](https://help.sell.smartstore.naver.com/faq/list.help?categoryId=565)\n    *   [판매방해 고객관리](https://help.sell.smartstore.naver.com/faq/list.help?categoryId=837)\n    *   [반품안심케어](https://help.sell.smartstore.naver.com/faq/list.help?categoryId=10776)\n\n*   [정산관리](https://help.sell.smartstore.naver.com/index.help)\n    *   [정산 내역 (일별/건별)](https://help.sell.smartstore.naver.com/faq/list.help?categoryId=566)\n    *   [항목별 정산 내역](https://help.sell.smartstore.naver.com/faq/list.help?categoryId=567)\n    *   [빠른정산](https://help.sell.smartstore.naver.com/faq/list.help?categoryId=932)\n    *   [부가세신고 내역](https://help.sell.smartstore.naver.com/faq/list.help?categoryId=568)\n    *   [세금계산서 조회](https://help.sell.smartstore.naver.com/faq/list.help?categoryId=569)\n    *   [비즈월렛 관리](https://help.sell.smartstore.naver.com/faq/list.help?categoryId=570)\n    *   [통합 정산내역](https://help.sell.smartstore.naver.com/faq/list.help?categoryId=571)\n    *   [중소상공인수수료전반](https://help.sell.smartstore.naver.com/faq/list.help?categoryId=840)\n    *   [초보판매자 정산가이드](https://help.sell.smartstore.naver.com/faq/list.help?categoryId=10809)\n    *   [우대수수료 환급내역](https://help.sell.smartstore.naver.com/faq/list.help?categoryId=10867)\n    *   [매출연동수수료](https://help.sell.smartstore.naver.com/faq/list.help?categoryId=11033)\n\n*   [문의/리뷰관리](https://help.sell.smartstore.naver.com/index.help)\n    *   [문의 관리](https://help.sell.smartstore.naver.com/faq/list.help?categoryId=574)\n    *   [고객문의 관리](https://help.sell.smartstore.naver.com/faq/list.help?categoryId=575)\n    *   [리뷰 관리](https://help.sell.smartstore.naver.com/faq/list.help?categoryId=576)\n    *   [리뷰이벤트 관리](https://help.sell.smartstore.naver.com/faq/list.help?categoryId=857)\n    *   [상품상세 블로그글 노출](https://help.sell.smartstore.naver.com/faq/list.help?categoryId=10953)\n    *   [톡톡 상담하기](https://help.sell.smartstore.naver.com/faq/list.help?categoryId=10763)\n    *   [톡톡 쇼핑챗봇/AI FAQ 설정](https://help.sell.smartstore.naver.com/faq/list.help?categoryId=10764)\n\n*   [스토어관리](https://help.sell.smartstore.naver.com/index.help)\n    *   [스마트스토어](https://help.sell.smartstore.naver.com/faq/list.help?categoryId=577)\n    *   [카테고리 관리](https://help.sell.smartstore.naver.com/faq/list.help?categoryId=579)\n    *   [쇼핑스토리 관리](https://help.sell.smartstore.naver.com/faq/list.help?categoryId=652)\n    *   [쇼핑라이브 숏클립 등록](https://help.sell.smartstore.naver.com/faq/list.help?categoryId=10731)\n    *   [기본정보 관리](https://help.sell.smartstore.naver.com/faq/list.help?categoryId=580)\n    *   [API 관리](https://help.sell.smartstore.naver.com/faq/list.help?categoryId=10954)\n    *   [SNS 설정](https://help.sell.smartstore.naver.com/faq/list.help?categoryId=10965)\n    *   [쇼핑윈도 노출 신청](https://help.sell.smartstore.naver.com/faq/list.help?categoryId=844)\n    *   [네이버 서비스 연결](https://help.sell.smartstore.naver.com/faq/list.help?categoryId=847)\n    *   [가격비교 서비스 연결](https://help.sell.smartstore.naver.com/faq/list.help?categoryId=10967)\n\n*   [혜택/마케팅](https://help.sell.smartstore.naver.com/index.help)\n    *   [혜택 등록](https://help.sell.smartstore.naver.com/faq/list.help?categoryId=608)\n    *   [혜택 조회/수정](https://help.sell.smartstore.naver.com/faq/list.help?categoryId=663)\n    *   [혜택 리포트](https://help.sell.smartstore.naver.com/faq/list.help?categoryId=609)\n    *   [포인트 지급관리](https://help.sell.smartstore.naver.com/faq/list.help?categoryId=10864)\n    *   [포인트 지급내역 조회](https://help.sell.smartstore.naver.com/faq/list.help?categoryId=799)\n    *   [고객등급 관리](https://help.sell.smartstore.naver.com/faq/list.help?categoryId=819)\n    *   [마케팅 보내기](https://help.sell.smartstore.naver.com/faq/list.help?categoryId=918)\n    *   [마케팅 이력](https://help.sell.smartstore.naver.com/faq/list.help?categoryId=919)\n    *   [마케팅 통계](https://help.sell.smartstore.naver.com/faq/list.help?categoryId=10728)\n    *   [AI 마케팅 효과분석](https://help.sell.smartstore.naver.com/faq/list.help?categoryId=10907)\n    *   [마케팅 링크 관리](https://help.sell.smartstore.naver.com/faq/list.help?categoryId=11058)\n\n*   [브랜드 혜택/마케팅](https://help.sell.smartstore.naver.com/index.help)\n    *   [고객군 마케팅](https://help.sell.smartstore.naver.com/faq/list.help?categoryId=10928)\n    *   [타겟팅 성과분석](https://help.sell.smartstore.naver.com/faq/list.help?categoryId=10929)\n    *   [라운지 노출 관리](https://help.sell.smartstore.naver.com/faq/list.help?categoryId=10877)\n    *   [라운지 가입 관리](https://help.sell.smartstore.naver.com/faq/list.help?categoryId=10878)\n    *   [추가 수집 항목 관리](https://help.sell.smartstore.naver.com/faq/list.help?categoryId=10879)\n    *   [라운지 멤버 관리](https://help.sell.smartstore.naver.com/faq/list.help?categoryId=10880)\n    *   [라운지 스토리 관리](https://help.sell.smartstore.naver.com/faq/list.help?categoryId=10881)\n    *   [라운지 통계](https://help.sell.smartstore.naver.com/faq/list.help?categoryId=10993)\n\n*   [커머스솔루션](https://help.sell.smartstore.naver.com/index.help)\n    *   [솔루션 목록](https://help.sell.smartstore.naver.com/faq/list.help?categoryId=10768)\n    *   [소비자조사](https://help.sell.smartstore.naver.com/faq/list.help?categoryId=10900)\n    *   [Quick 모니터링 관리](https://help.sell.smartstore.naver.com/faq/list.help?categoryId=10902)\n    *   [쇼핑 커넥트](https://help.sell.smartstore.naver.com/faq/list.help?categoryId=11057)\n\n*   [데이터 분석](https://help.sell.smartstore.naver.com/index.help)\n    *   [프로모션 진단](https://help.sell.smartstore.naver.com/faq/list.help?categoryId=11127)\n    *   [스토어분석](https://help.sell.smartstore.naver.com/faq/list.help?categoryId=11083)\n    *   [요약](https://help.sell.smartstore.naver.com/faq/list.help?categoryId=806)\n    *   [판매분석](https://help.sell.smartstore.naver.com/faq/list.help?categoryId=807)\n    *   [마케팅분석](https://help.sell.smartstore.naver.com/faq/list.help?categoryId=808)\n    *   [쇼핑행동분석](https://help.sell.smartstore.naver.com/faq/list.help?categoryId=809)\n    *   [시장벤치마크](https://help.sell.smartstore.naver.com/faq/list.help?categoryId=810)\n    *   [판매성과예측](https://help.sell.smartstore.naver.com/faq/list.help?categoryId=871)\n    *   [고객현황](https://help.sell.smartstore.naver.com/faq/list.help?categoryId=627)\n    *   [재구매 통계](https://help.sell.smartstore.naver.com/faq/list.help?categoryId=800)\n\n*   [광고관리](https://help.sell.smartstore.naver.com/index.help)\n    *   [쇼핑버티컬광고](https://help.sell.smartstore.naver.com/faq/list.help?categoryId=10946)\n    *   [CRM 마케팅 타겟 광고](https://help.sell.smartstore.naver.com/faq/list.help?categoryId=11024)\n\n*   [프로모션 관리](https://help.sell.smartstore.naver.com/index.help)\n    *   [기획전 관리](https://help.sell.smartstore.naver.com/faq/list.help?categoryId=845)\n    *   [참여형 프로모션 관리](https://help.sell.smartstore.naver.com/faq/list.help?categoryId=11061)\n    *   [미스터](https://help.sell.smartstore.naver.com/faq/list.help?categoryId=927)\n\n*   [N배송 관리](https://help.sell.smartstore.naver.com/index.help)\n    *   [N배송 프로그램](https://help.sell.smartstore.naver.com/faq/list.help?categoryId=10834)\n    *   [N배송 신청하기](https://help.sell.smartstore.naver.com/faq/list.help?categoryId=1005)\n    *   [N배송 재고관리](https://help.sell.smartstore.naver.com/faq/list.help?categoryId=11054)\n    *   [N배송 입고관리](https://help.sell.smartstore.naver.com/faq/list.help?categoryId=11116)\n    *   [N배송 리포트관리](https://help.sell.smartstore.naver.com/faq/list.help?categoryId=11102)\n    *   [물류비 청구내역](https://help.sell.smartstore.naver.com/faq/list.help?categoryId=11103)\n    *   [풀필먼트 주문 조회](https://help.sell.smartstore.naver.com/faq/list.help?categoryId=10942)\n    *   [N판매자배송 신청](https://help.sell.smartstore.naver.com/faq/list.help?categoryId=10986)\n    *   [N판매자배송 운영](https://help.sell.smartstore.naver.com/faq/list.help?categoryId=10985)\n    *   [판매자 창고 운영](https://help.sell.smartstore.naver.com/faq/list.help?categoryId=10944)\n\n*   [판매자 정보](https://help.sell.smartstore.naver.com/index.help)\n    *   [내정보](https://help.sell.smartstore.naver.com/faq/list.help?categoryId=581)\n    *   [판매자 정보](https://help.sell.smartstore.naver.com/faq/list.help?categoryId=582)\n    *   [매니저 관리](https://help.sell.smartstore.naver.com/faq/list.help?categoryId=10727)\n    *   [판매자 등급](https://help.sell.smartstore.naver.com/faq/list.help?categoryId=611)\n    *   [정보 변경 신청](https://help.sell.smartstore.naver.com/faq/list.help?categoryId=583)\n    *   [양도양수](https://help.sell.smartstore.naver.com/faq/list.help?categoryId=922)\n    *   [사업자 전환](https://help.sell.smartstore.naver.com/faq/list.help?categoryId=584)\n    *   [상품판매권한 신청](https://help.sell.smartstore.naver.com/faq/list.help?categoryId=855)\n    *   [고객확인제도](https://help.sell.smartstore.naver.com/faq/list.help?categoryId=923)\n    *   [심사내역 조회](https://help.sell.smartstore.naver.com/faq/list.help?categoryId=10726)\n    *   [판매자 지원 프로그램](https://help.sell.smartstore.naver.com/faq/list.help?categoryId=10711)\n    *   [성장 마일리지](https://help.sell.smartstore.naver.com/faq/list.help?categoryId=11091)\n    *   [굿서비스 점수](https://help.sell.smartstore.naver.com/faq/list.help?categoryId=11125)\n\n*   [공지사항](https://help.sell.smartstore.naver.com/index.help)\n    *   [공지사항](https://help.sell.smartstore.naver.com/faq/list.help?categoryId=10730)\n\n*   [공통/기타](https://help.sell.smartstore.naver.com/index.help)\n    *   [판매자센터 기본 이용방법](https://help.sell.smartstore.naver.com/faq/list.help?categoryId=586)\n    *   [스마트스토어센터 알림](https://help.sell.smartstore.naver.com/faq/list.help?categoryId=868)\n    *   [쇼핑라이브](https://help.sell.smartstore.naver.com/faq/list.help?categoryId=883)\n    *   [사장님 보험](https://help.sell.smartstore.naver.com/faq/list.help?categoryId=933)\n    *   [스마트스토어 사업자 대출](https://help.sell.smartstore.naver.com/faq/list.help?categoryId=934)\n    *   [사업자대출 대출안심케어](https://help.sell.smartstore.naver.com/faq/list.help?categoryId=989)\n    *   [정책지원금](https://help.sell.smartstore.naver.com/faq/list.help?categoryId=10769)\n    *   [스마트플레이스 사업자 대출](https://help.sell.smartstore.naver.com/faq/list.help?categoryId=10782)\n    *   [커머스API센터](https://help.sell.smartstore.naver.com/faq/list.help?categoryId=10783)\n    *   [네이버페이 마이비즈](https://help.sell.smartstore.naver.com/faq/list.help?categoryId=10787)\n    *   [스마트스토어 보증서 대출](https://help.sell.smartstore.naver.com/faq/list.help?categoryId=10909)\n    *   [API데이터솔루션(통계)](https://help.sell.smartstore.naver.com/faq/list.help?categoryId=10943)\n    *   [안전거래 정책](https://help.sell.smartstore.naver.com/faq/list.help?categoryId=10979)\n\n*   [1:1 문의하기](https://help.sell.smartstore.naver.com/mail/form.help)\n*   [1:1 문의내역](https://help.sell.smartstore.naver.com/mail/history.help)\n*   [신고하기](https://help.sell.smartstore.naver.com/mail/form.help?alias=shopn_accuse)\n*   [원격지원서비스](http://61.247.209.91/users/main/join.html)\n\n[스마트스토어센터 _사용자 매뉴얼_](https://sell.smartstore.naver.com/#/center-notice/list/MANUAL)\n\n[좌측 내비게이션 숨기기](https://help.sell.smartstore.naver.com/index.help#)\n\n고객센터\n----\n\n**FAQ**\n\n[전체](https://help.sell.smartstore.naver.com/index.help)\n*   [전체](https://help.sell.smartstore.naver.com/index.help)\n*   [홈](https://help.sell.smartstore.naver.com/index.help)\n*   [회원가입](https://help.sell.smartstore.naver.com/index.help)\n*   [상품관리](https://help.sell.smartstore.naver.com/index.help)\n*   [쇼핑윈도관리](https://help.sell.smartstore.naver.com/index.help)\n*   [판매관리](https://help.sell.smartstore.naver.com/index.help)\n*   [정산관리](https://help.sell.smartstore.naver.com/index.help)\n*   [문의/리뷰관리](https://help.sell.smartstore.naver.com/index.help)\n*   [스토어관리](https://help.sell.smartstore.naver.com/index.help)\n*   [혜택/마케팅](https://help.sell.smartstore.naver.com/index.help)\n*   [브랜드 혜택/마케팅](https://help.sell.smartstore.naver.com/index.help)\n*   [커머스솔루션](https://help.sell.smartstore.naver.com/index.help)\n*   [데이터 분석](https://help.sell.smartstore.naver.com/index.help)\n*   [광고관리](https://help.sell.smartstore.naver.com/index.help)\n*   [프로모션 관리](https://help.sell.smartstore.naver.com/index.help)\n*   [N배송 관리](https://help.sell.smartstore.naver.com/index.help)\n*   [판매자 정보](https://help.sell.smartstore.naver.com/index.help)\n*   [공지사항](https://help.sell.smartstore.naver.com/index.help)\n*   [공통/기타](https://help.sell.smartstore.naver.com/index.help)\n\n검색어 입력 0/100\n\n[검색](https://help.sell.smartstore.naver.com/index.help#)\n\n자동완성 켜기 자동완성 끄기 닫기\n\n*   [자주 묻는 질문](https://help.sell.smartstore.naver.com/index.help#)\n*   [★ 메뉴 활용 방법](https://help.sell.smartstore.naver.com/index.help#)\n*   [2단계 인증](https://help.sell.smartstore.naver.com/index.help#)\n*   [가입 절차](https://help.sell.smartstore.naver.com/index.help#)\n*   [고객확인제도](https://help.sell.smartstore.naver.com/index.help#)\n*   [수수료의 종류](https://help.sell.smartstore.naver.com/index.help#)\n*   [상품등록](https://help.sell.smartstore.naver.com/index.help#)\n*   [발송처리](https://help.sell.smartstore.naver.com/index.help#)\n*   [자동 구매확정](https://help.sell.smartstore.naver.com/index.help#)\n*   [부가세신고](https://help.sell.smartstore.naver.com/index.help#)\n\n### 자주 찾는 도움말\n\n*   [휴가, 연휴 등의 공지는 어떻게 해야 하나요?](https://help.sell.smartstore.naver.com/index.help)\n*   [★ '상품 등록' 관련 자주 묻는 질문](https://help.sell.smartstore.naver.com/index.help)\n*   [★ '상품 조회/수정' 관련 자주 묻는 질문](https://help.sell.smartstore.naver.com/index.help)\n*   [스토어 가입 승인 완료 후, \"현재 운영되고 있지 않습니다.\"라고 노출됩니다.](https://help.sell.smartstore.naver.com/index.help)\n*   [[2단계 인증] 2단계 인증 수단 변경은 어떻게 하나요?](https://help.sell.smartstore.naver.com/index.help)\n*   [[정산관리] 수수료의 종류](https://help.sell.smartstore.naver.com/index.help)\n*   [[발주(주문)확인/발송관리] 주문건의 발송기한(배송기한)](https://help.sell.smartstore.naver.com/index.help)\n*   [[정산관리] 정산 시기 (정산내역 조회방법)](https://help.sell.smartstore.naver.com/index.help)\n*   [★ 반품요청건 처리 방법](https://help.sell.smartstore.naver.com/index.help)\n*   [판매자 등급의 판매건수, 판매금액 산정 기준이 어떻게 되나요?](https://help.sell.smartstore.naver.com/index.help)\n\n### 공지사항\n\n[더보기](https://sell.smartstore.naver.com/#/center-notice/list/)\n공지사항 목록| 제목 | 등록일 |\n| --- | --- |\n| _일반_[검색 품질 개선을 위한 모음전 상품 운영 정책 안내](https://sell.smartstore.naver.com/#/center-notice/detail/200000145) | 2025.11.28 |\n| _판매 TIP_[스마트스토어 25년 3분기 개편소식! 새로운 기능과 꿀팁을 확인해 보세요!](https://sell.smartstore.naver.com/#/center-notice/detail/200000135) | 2025.11.26 |\n| _일반_[멤버십 무료교환반품 관련 비용 지원정책 변경 안내](https://sell.smartstore.naver.com/#/center-notice/detail/200000134) | 2025.11.26 |\n| _위해정보_[[Zigjoy 브랜드 Zigjoy Toddler Sleep Sacks with Feet 유아용 잠옷 일부 제품 리콜 사항]](https://sell.smartstore.naver.com/#/center-notice/detail/200000130) | 2025.11.26 |\n| _위해정보_[[BlendJet 브랜드 BlendJet2 가정용 블렌더 일부 제품 리콜 사항]](https://sell.smartstore.naver.com/#/center-notice/detail/200000129) | 2025.11.26 |\n| _D-커머스_[[모집] '트렌디한 클립 콘텐츠 제작 노하우' 교육 신청 안내](https://sell.smartstore.naver.com/#/center-notice/detail/200000127) | 2025.11.26 |\n| _일반_[N배송 신청하기 화면 개편 안내](https://sell.smartstore.naver.com/#/center-notice/detail/200000124) | 2025.11.25 |\n| _위해정보_[[AMBI 브랜드 Facial moisturizer with sunscreen - SFP 30 Even & Clear 자외선 차단제 일부 제품 리콜 사항]](https://sell.smartstore.naver.com/#/center-notice/detail/200000122) | 2025.11.25 |\n| _위해정보_[[AMBI 브랜드 Under Eye Serum Even & Clear 15ml 에센스, 오일 일부 제품 리콜 사항]](https://sell.smartstore.naver.com/#/center-notice/detail/200000121) | 2025.11.25 |\n| _시스템_[2025.11.25 굿스플로 송장출력(롯데택배) 오류 안내](https://sell.smartstore.naver.com/#/center-notice/detail/200000118) | 2025.11.25 |\n\n*   [이용약관](https://sell.smartstore.naver.com/#/terms/agreement \"새창\")\n*   [전자금융거래 이용약관](https://new-m.pay.naver.com/member/terms-policy/finance \"새창\")\n*   [**개인정보 처리방침**](http://mktg.naver.com/privacy/privacy.html \"새창\")\n*   [청소년 보호정책](http://www.naver.com/policy/youthpolicy.html \"새창\")\n*   [책임의 한계와 법적고지](http://smartstore.naver.com/main/rules/responsibility \"팝업\")\n*   [안전거래가이드](http://ips.smartstore.naver.com/main/rules/safety \"새창\")\n*   [고객센터](https://help.sell.smartstore.naver.com/)\n\n네이버㈜는 결제정보의 중개서비스 또는 통신판매중개시스템의 제공자로서, 통신판매의 당사자가 아니며, 상품의 주문, 배송 및 환불 등과 관련한 의무와 책임은 각 판매자에게 있습니다.\n\n또한 판매자와 구매자간의 직거래에 대하여 당사는 관여하지 않기 때문에 거래에 대해서는 책임을 지지 않습니다.\n\n*   사업자등록번호 : 220-81-62517\n*   통신판매업신고번호 : 제2006-경기성남-0692호\n*   대표이사 : 최수연\n*   [사업자정보확인](https://www.ftc.go.kr/bizCommPop.do?wrkr_no=2208162517 \"새창\")\n*   주소 : 경기도 성남시 분당구 정자일로 95, NAVER 1784 (13561)\n*   전화 : 1588-3819\n*   이메일 : [helpcustomer@naver.com](mailto:helpcustomer@naver.com)\n*   [1:1문의](https://help.sell.smartstore.naver.com/mail/form.help)\n\n[NAVER](http://www.navercorp.com/ko/index.nhn \"새창\")\n\nCopyright © [**NAVER Corp.**](http://www.navercorp.com/ko/index.nhn \"새창\") All rights reserved."
      },
      {
        "platform": "naver",
        "title": "스마트스토어 고객센터",
        "url": "https://help.sell.smartstore.naver.com/faq/content.help?faqId=14887",
        "snippet": "스마트스토어 고객센터\n\nNAVER스마트스토어센터\n\n로그인\n\n궁금할 땐 톡톡상담하세요!\n\n톡톡상담\n\n   홈\n       홈\n\n   회원가입\n       신규 회원가입\n       초대로 회원가입\n       아이디/비밀번호 찾기\n       탈퇴/재가입\n       네이버 쇼핑 입점\n       2단계 인증\n\n   상품관리\n       그룹상품 리뷰이동\n       그룹상품 노출 관리\n       상품 조회/수정\n       상품 등록\n       상품 일괄등록\n       카탈로그 가격관리\n       연관상품 관리\n       사진 보관함\n       배송정보 관리\n       템플릿 관리\n       공지사항 관리\n       상품정보 검색품질(SEO)\n       구독 관리\n       상품명 마스터\n       등록 정보 검토\n       검색 순위 진단 [...] [[쇼핑윈도 전용] 쇼핑윈도 상품들이 많은데 상품정보/조회 수정 메뉴에서 확인되지 않아요.](\n   즉시할인 일괄설정/해제는 어떻게 하나요?\n   PC에서는 공지사항이 노출되나 모바일에서는 노출되지 않아요.\n   상세이미지를 변경하였으나 모바일(휴대폰)에서는 변경 전 이미지로 노출돼요.\n   상품등록 후 대카테고리 수정이 가능한가요?\n   상품목록에서 엑셀다운로드 시 파일이 정상적으로 열리지 않아요.(깨짐 현상)\n   연결완료된 카탈로그가 내 상품과 맞지 않아요.\n   옵션/추가상품 판매 중 일부가 품절되었습니다. '품절'처리는 어떻게 하나요?\n   네이버쇼핑 검색결과 내 쇼핑몰 명 하단 '적립/쿠폰/할인'문구가 노출되길 원해요.\n   네이버쇼핑에 노출되는 제조사/브랜드명이 입력한 정보와 상이하게 노출돼요.\n   상품 상세페이지의 배송기간(리드타임) 노출 기준이 어떻게 되나요?\n   상품명을 바꿔도 수정되지 않아요. [...] 문의/리뷰관리\n       문의 관리\n       고객문의 관리\n       리뷰 관리\n       리뷰이벤트 관리\n       상품상세 블로그글 노출\n       톡톡 상담하기\n       톡톡 쇼핑챗봇/AI FAQ 설정\n\n   스토어관리\n       스마트스토어\n       카테고리 관리\n       쇼핑스토리 관리\n       쇼핑라이브 숏클립 등록\n       기본정보 관리\n       API 관리\n       SNS 설정\n       쇼핑윈도 노출 신청\n       네이버 서비스 연결\n       가격비교 서비스 연결\n\n   혜택/마케팅\n       혜택 등록\n       혜택 조회/수정\n       혜택 리포트\n       포인트 지급관리\n       포인트 지급내역 조회\n       고객등급 관리\n       마케팅 보내기\n       마케팅 이력\n       마케팅 통계\n       AI 마케팅 효과분석\n       마케팅 링크 관리",
        "score": 0.046573047,
        "timestamp": "2025-11-29T02:23:20.952671",
        "raw_content": "스마트스토어 고객센터\n\n===============\n\n[NAVER](http://www.naver.com/ \"NAVER\")[스마트스토어센터](https://sell.smartstore.naver.com/ \"스마트스토어센터\")\n===============================================================================================\n\n[로그인](https://help.sell.smartstore.naver.com/faq/content.help?faqId=14887#)\n\n궁금할 땐 톡톡상담하세요!\n\n[톡톡상담](https://help.sell.smartstore.naver.com/faq/content.help?faqId=14887#)\n\n*   [홈](https://help.sell.smartstore.naver.com/faq/content.help?faqId=14887)\n    *   [홈](https://help.sell.smartstore.naver.com/faq/list.help?categoryId=11082)\n\n*   [회원가입](https://help.sell.smartstore.naver.com/faq/content.help?faqId=14887)\n    *   [신규 회원가입](https://help.sell.smartstore.naver.com/faq/list.help?categoryId=535)\n    *   [초대로 회원가입](https://help.sell.smartstore.naver.com/faq/list.help?categoryId=536)\n    *   [아이디/비밀번호 찾기](https://help.sell.smartstore.naver.com/faq/list.help?categoryId=537)\n    *   [탈퇴/재가입](https://help.sell.smartstore.naver.com/faq/list.help?categoryId=538)\n    *   [네이버 쇼핑 입점](https://help.sell.smartstore.naver.com/faq/list.help?categoryId=539)\n    *   [2단계 인증](https://help.sell.smartstore.naver.com/faq/list.help?categoryId=924)\n\n*   [상품관리](https://help.sell.smartstore.naver.com/faq/content.help?faqId=14887)\n    *   [그룹상품 리뷰이동](https://help.sell.smartstore.naver.com/faq/list.help?categoryId=11086)\n    *   [그룹상품 노출 관리](https://help.sell.smartstore.naver.com/faq/list.help?categoryId=11126)\n    *   [상품 조회/수정](https://help.sell.smartstore.naver.com/faq/list.help?categoryId=540)\n    *   [상품 등록](https://help.sell.smartstore.naver.com/faq/list.help?categoryId=541)\n    *   [상품 일괄등록](https://help.sell.smartstore.naver.com/faq/list.help?categoryId=542)\n    *   [카탈로그 가격관리](https://help.sell.smartstore.naver.com/faq/list.help?categoryId=848)\n    *   [연관상품 관리](https://help.sell.smartstore.naver.com/faq/list.help?categoryId=649)\n    *   [사진 보관함](https://help.sell.smartstore.naver.com/faq/list.help?categoryId=543)\n    *   [배송정보 관리](https://help.sell.smartstore.naver.com/faq/list.help?categoryId=544)\n    *   [템플릿 관리](https://help.sell.smartstore.naver.com/faq/list.help?categoryId=545)\n    *   [공지사항 관리](https://help.sell.smartstore.naver.com/faq/list.help?categoryId=546)\n    *   [상품정보 검색품질(SEO)](https://help.sell.smartstore.naver.com/faq/list.help?categoryId=811)\n    *   [구독 관리](https://help.sell.smartstore.naver.com/faq/list.help?categoryId=1006)\n    *   [상품명 마스터](https://help.sell.smartstore.naver.com/faq/list.help?categoryId=10931)\n    *   [등록 정보 검토](https://help.sell.smartstore.naver.com/faq/list.help?categoryId=11139)\n    *   [검색 순위 진단](https://help.sell.smartstore.naver.com/faq/list.help?categoryId=11140)\n\n*   [쇼핑윈도관리](https://help.sell.smartstore.naver.com/faq/content.help?faqId=14887)\n    *   [쇼핑윈도 상품 조회/수정](https://help.sell.smartstore.naver.com/faq/list.help?categoryId=547)\n    *   [쇼핑윈도 상품 불러오기](https://help.sell.smartstore.naver.com/faq/list.help?categoryId=548)\n    *   [쇼핑윈도 소식 관리](https://help.sell.smartstore.naver.com/faq/list.help?categoryId=549)\n    *   [쇼핑윈도 스토어 관리](https://help.sell.smartstore.naver.com/faq/list.help?categoryId=551)\n\n*   [판매관리](https://help.sell.smartstore.naver.com/faq/content.help?faqId=14887)\n    *   [주문통합검색](https://help.sell.smartstore.naver.com/faq/list.help?categoryId=791)\n    *   [선물 수락대기](https://help.sell.smartstore.naver.com/faq/list.help?categoryId=558)\n    *   [미결제확인](https://help.sell.smartstore.naver.com/faq/list.help?categoryId=559)\n    *   [발주(주문)확인/발송관리](https://help.sell.smartstore.naver.com/faq/list.help?categoryId=560)\n    *   [배송현황 관리](https://help.sell.smartstore.naver.com/faq/list.help?categoryId=561)\n    *   [구매확정 내역](https://help.sell.smartstore.naver.com/faq/list.help?categoryId=562)\n    *   [취소 관리](https://help.sell.smartstore.naver.com/faq/list.help?categoryId=563)\n    *   [반품 관리](https://help.sell.smartstore.naver.com/faq/list.help?categoryId=564)\n    *   [교환 관리](https://help.sell.smartstore.naver.com/faq/list.help?categoryId=565)\n    *   [판매방해 고객관리](https://help.sell.smartstore.naver.com/faq/list.help?categoryId=837)\n    *   [반품안심케어](https://help.sell.smartstore.naver.com/faq/list.help?categoryId=10776)\n\n*   [정산관리](https://help.sell.smartstore.naver.com/faq/content.help?faqId=14887)\n    *   [정산 내역 (일별/건별)](https://help.sell.smartstore.naver.com/faq/list.help?categoryId=566)\n    *   [항목별 정산 내역](https://help.sell.smartstore.naver.com/faq/list.help?categoryId=567)\n    *   [빠른정산](https://help.sell.smartstore.naver.com/faq/list.help?categoryId=932)\n    *   [부가세신고 내역](https://help.sell.smartstore.naver.com/faq/list.help?categoryId=568)\n    *   [세금계산서 조회](https://help.sell.smartstore.naver.com/faq/list.help?categoryId=569)\n    *   [비즈월렛 관리](https://help.sell.smartstore.naver.com/faq/list.help?categoryId=570)\n    *   [통합 정산내역](https://help.sell.smartstore.naver.com/faq/list.help?categoryId=571)\n    *   [중소상공인수수료전반](https://help.sell.smartstore.naver.com/faq/list.help?categoryId=840)\n    *   [초보판매자 정산가이드](https://help.sell.smartstore.naver.com/faq/list.help?categoryId=10809)\n    *   [우대수수료 환급내역](https://help.sell.smartstore.naver.com/faq/list.help?categoryId=10867)\n    *   [매출연동수수료](https://help.sell.smartstore.naver.com/faq/list.help?categoryId=11033)\n\n*   [문의/리뷰관리](https://help.sell.smartstore.naver.com/faq/content.help?faqId=14887)\n    *   [문의 관리](https://help.sell.smartstore.naver.com/faq/list.help?categoryId=574)\n    *   [고객문의 관리](https://help.sell.smartstore.naver.com/faq/list.help?categoryId=575)\n    *   [리뷰 관리](https://help.sell.smartstore.naver.com/faq/list.help?categoryId=576)\n    *   [리뷰이벤트 관리](https://help.sell.smartstore.naver.com/faq/list.help?categoryId=857)\n    *   [상품상세 블로그글 노출](https://help.sell.smartstore.naver.com/faq/list.help?categoryId=10953)\n    *   [톡톡 상담하기](https://help.sell.smartstore.naver.com/faq/list.help?categoryId=10763)\n    *   [톡톡 쇼핑챗봇/AI FAQ 설정](https://help.sell.smartstore.naver.com/faq/list.help?categoryId=10764)\n\n*   [스토어관리](https://help.sell.smartstore.naver.com/faq/content.help?faqId=14887)\n    *   [스마트스토어](https://help.sell.smartstore.naver.com/faq/list.help?categoryId=577)\n    *   [카테고리 관리](https://help.sell.smartstore.naver.com/faq/list.help?categoryId=579)\n    *   [쇼핑스토리 관리](https://help.sell.smartstore.naver.com/faq/list.help?categoryId=652)\n    *   [쇼핑라이브 숏클립 등록](https://help.sell.smartstore.naver.com/faq/list.help?categoryId=10731)\n    *   [기본정보 관리](https://help.sell.smartstore.naver.com/faq/list.help?categoryId=580)\n    *   [API 관리](https://help.sell.smartstore.naver.com/faq/list.help?categoryId=10954)\n    *   [SNS 설정](https://help.sell.smartstore.naver.com/faq/list.help?categoryId=10965)\n    *   [쇼핑윈도 노출 신청](https://help.sell.smartstore.naver.com/faq/list.help?categoryId=844)\n    *   [네이버 서비스 연결](https://help.sell.smartstore.naver.com/faq/list.help?categoryId=847)\n    *   [가격비교 서비스 연결](https://help.sell.smartstore.naver.com/faq/list.help?categoryId=10967)\n\n*   [혜택/마케팅](https://help.sell.smartstore.naver.com/faq/content.help?faqId=14887)\n    *   [혜택 등록](https://help.sell.smartstore.naver.com/faq/list.help?categoryId=608)\n    *   [혜택 조회/수정](https://help.sell.smartstore.naver.com/faq/list.help?categoryId=663)\n    *   [혜택 리포트](https://help.sell.smartstore.naver.com/faq/list.help?categoryId=609)\n    *   [포인트 지급관리](https://help.sell.smartstore.naver.com/faq/list.help?categoryId=10864)\n    *   [포인트 지급내역 조회](https://help.sell.smartstore.naver.com/faq/list.help?categoryId=799)\n    *   [고객등급 관리](https://help.sell.smartstore.naver.com/faq/list.help?categoryId=819)\n    *   [마케팅 보내기](https://help.sell.smartstore.naver.com/faq/list.help?categoryId=918)\n    *   [마케팅 이력](https://help.sell.smartstore.naver.com/faq/list.help?categoryId=919)\n    *   [마케팅 통계](https://help.sell.smartstore.naver.com/faq/list.help?categoryId=10728)\n    *   [AI 마케팅 효과분석](https://help.sell.smartstore.naver.com/faq/list.help?categoryId=10907)\n    *   [마케팅 링크 관리](https://help.sell.smartstore.naver.com/faq/list.help?categoryId=11058)\n\n*   [브랜드 혜택/마케팅](https://help.sell.smartstore.naver.com/faq/content.help?faqId=14887)\n    *   [고객군 마케팅](https://help.sell.smartstore.naver.com/faq/list.help?categoryId=10928)\n    *   [타겟팅 성과분석](https://help.sell.smartstore.naver.com/faq/list.help?categoryId=10929)\n    *   [라운지 노출 관리](https://help.sell.smartstore.naver.com/faq/list.help?categoryId=10877)\n    *   [라운지 가입 관리](https://help.sell.smartstore.naver.com/faq/list.help?categoryId=10878)\n    *   [추가 수집 항목 관리](https://help.sell.smartstore.naver.com/faq/list.help?categoryId=10879)\n    *   [라운지 멤버 관리](https://help.sell.smartstore.naver.com/faq/list.help?categoryId=10880)\n    *   [라운지 스토리 관리](https://help.sell.smartstore.naver.com/faq/list.help?categoryId=10881)\n    *   [라운지 통계](https://help.sell.smartstore.naver.com/faq/list.help?categoryId=10993)\n\n*   [커머스솔루션](https://help.sell.smartstore.naver.com/faq/content.help?faqId=14887)\n    *   [솔루션 목록](https://help.sell.smartstore.naver.com/faq/list.help?categoryId=10768)\n    *   [소비자조사](https://help.sell.smartstore.naver.com/faq/list.help?categoryId=10900)\n    *   [Quick 모니터링 관리](https://help.sell.smartstore.naver.com/faq/list.help?categoryId=10902)\n    *   [쇼핑 커넥트](https://help.sell.smartstore.naver.com/faq/list.help?categoryId=11057)\n\n*   [데이터 분석](https://help.sell.smartstore.naver.com/faq/content.help?faqId=14887)\n    *   [프로모션 진단](https://help.sell.smartstore.naver.com/faq/list.help?categoryId=11127)\n    *   [스토어분석](https://help.sell.smartstore.naver.com/faq/list.help?categoryId=11083)\n    *   [요약](https://help.sell.smartstore.naver.com/faq/list.help?categoryId=806)\n    *   [판매분석](https://help.sell.smartstore.naver.com/faq/list.help?categoryId=807)\n    *   [마케팅분석](https://help.sell.smartstore.naver.com/faq/list.help?categoryId=808)\n    *   [쇼핑행동분석](https://help.sell.smartstore.naver.com/faq/list.help?categoryId=809)\n    *   [시장벤치마크](https://help.sell.smartstore.naver.com/faq/list.help?categoryId=810)\n    *   [판매성과예측](https://help.sell.smartstore.naver.com/faq/list.help?categoryId=871)\n    *   [고객현황](https://help.sell.smartstore.naver.com/faq/list.help?categoryId=627)\n    *   [재구매 통계](https://help.sell.smartstore.naver.com/faq/list.help?categoryId=800)\n\n*   [광고관리](https://help.sell.smartstore.naver.com/faq/content.help?faqId=14887)\n    *   [쇼핑버티컬광고](https://help.sell.smartstore.naver.com/faq/list.help?categoryId=10946)\n    *   [CRM 마케팅 타겟 광고](https://help.sell.smartstore.naver.com/faq/list.help?categoryId=11024)\n\n*   [프로모션 관리](https://help.sell.smartstore.naver.com/faq/content.help?faqId=14887)\n    *   [기획전 관리](https://help.sell.smartstore.naver.com/faq/list.help?categoryId=845)\n    *   [참여형 프로모션 관리](https://help.sell.smartstore.naver.com/faq/list.help?categoryId=11061)\n    *   [미스터](https://help.sell.smartstore.naver.com/faq/list.help?categoryId=927)\n\n*   [N배송 관리](https://help.sell.smartstore.naver.com/faq/content.help?faqId=14887)\n    *   [N배송 프로그램](https://help.sell.smartstore.naver.com/faq/list.help?categoryId=10834)\n    *   [N배송 신청하기](https://help.sell.smartstore.naver.com/faq/list.help?categoryId=1005)\n    *   [N배송 재고관리](https://help.sell.smartstore.naver.com/faq/list.help?categoryId=11054)\n    *   [N배송 입고관리](https://help.sell.smartstore.naver.com/faq/list.help?categoryId=11116)\n    *   [N배송 리포트관리](https://help.sell.smartstore.naver.com/faq/list.help?categoryId=11102)\n    *   [물류비 청구내역](https://help.sell.smartstore.naver.com/faq/list.help?categoryId=11103)\n    *   [풀필먼트 주문 조회](https://help.sell.smartstore.naver.com/faq/list.help?categoryId=10942)\n    *   [N판매자배송 신청](https://help.sell.smartstore.naver.com/faq/list.help?categoryId=10986)\n    *   [N판매자배송 운영](https://help.sell.smartstore.naver.com/faq/list.help?categoryId=10985)\n    *   [판매자 창고 운영](https://help.sell.smartstore.naver.com/faq/list.help?categoryId=10944)\n\n*   [판매자 정보](https://help.sell.smartstore.naver.com/faq/content.help?faqId=14887)\n    *   [내정보](https://help.sell.smartstore.naver.com/faq/list.help?categoryId=581)\n    *   [판매자 정보](https://help.sell.smartstore.naver.com/faq/list.help?categoryId=582)\n    *   [매니저 관리](https://help.sell.smartstore.naver.com/faq/list.help?categoryId=10727)\n    *   [판매자 등급](https://help.sell.smartstore.naver.com/faq/list.help?categoryId=611)\n    *   [정보 변경 신청](https://help.sell.smartstore.naver.com/faq/list.help?categoryId=583)\n    *   [양도양수](https://help.sell.smartstore.naver.com/faq/list.help?categoryId=922)\n    *   [사업자 전환](https://help.sell.smartstore.naver.com/faq/list.help?categoryId=584)\n    *   [상품판매권한 신청](https://help.sell.smartstore.naver.com/faq/list.help?categoryId=855)\n    *   [고객확인제도](https://help.sell.smartstore.naver.com/faq/list.help?categoryId=923)\n    *   [심사내역 조회](https://help.sell.smartstore.naver.com/faq/list.help?categoryId=10726)\n    *   [판매자 지원 프로그램](https://help.sell.smartstore.naver.com/faq/list.help?categoryId=10711)\n    *   [성장 마일리지](https://help.sell.smartstore.naver.com/faq/list.help?categoryId=11091)\n    *   [굿서비스 점수](https://help.sell.smartstore.naver.com/faq/list.help?categoryId=11125)\n\n*   [공지사항](https://help.sell.smartstore.naver.com/faq/content.help?faqId=14887)\n    *   [공지사항](https://help.sell.smartstore.naver.com/faq/list.help?categoryId=10730)\n\n*   [공통/기타](https://help.sell.smartstore.naver.com/faq/content.help?faqId=14887)\n    *   [판매자센터 기본 이용방법](https://help.sell.smartstore.naver.com/faq/list.help?categoryId=586)\n    *   [스마트스토어센터 알림](https://help.sell.smartstore.naver.com/faq/list.help?categoryId=868)\n    *   [쇼핑라이브](https://help.sell.smartstore.naver.com/faq/list.help?categoryId=883)\n    *   [사장님 보험](https://help.sell.smartstore.naver.com/faq/list.help?categoryId=933)\n    *   [스마트스토어 사업자 대출](https://help.sell.smartstore.naver.com/faq/list.help?categoryId=934)\n    *   [사업자대출 대출안심케어](https://help.sell.smartstore.naver.com/faq/list.help?categoryId=989)\n    *   [정책지원금](https://help.sell.smartstore.naver.com/faq/list.help?categoryId=10769)\n    *   [스마트플레이스 사업자 대출](https://help.sell.smartstore.naver.com/faq/list.help?categoryId=10782)\n    *   [커머스API센터](https://help.sell.smartstore.naver.com/faq/list.help?categoryId=10783)\n    *   [네이버페이 마이비즈](https://help.sell.smartstore.naver.com/faq/list.help?categoryId=10787)\n    *   [스마트스토어 보증서 대출](https://help.sell.smartstore.naver.com/faq/list.help?categoryId=10909)\n    *   [API데이터솔루션(통계)](https://help.sell.smartstore.naver.com/faq/list.help?categoryId=10943)\n    *   [안전거래 정책](https://help.sell.smartstore.naver.com/faq/list.help?categoryId=10979)\n\n*   [1:1 문의하기](https://help.sell.smartstore.naver.com/mail/form.help)\n*   [1:1 문의내역](https://help.sell.smartstore.naver.com/mail/history.help)\n*   [신고하기](https://help.sell.smartstore.naver.com/mail/form.help?alias=shopn_accuse)\n*   [원격지원서비스](http://61.247.209.91/users/main/join.html)\n\n[스마트스토어센터 _사용자 매뉴얼_](https://sell.smartstore.naver.com/#/center-notice/list/MANUAL)\n\n[좌측 내비게이션 숨기기](https://help.sell.smartstore.naver.com/faq/content.help?faqId=14887#)\n\n고객센터\n----\n\n**FAQ**\n\n[전체](https://help.sell.smartstore.naver.com/faq/content.help?faqId=14887)\n*   [전체](https://help.sell.smartstore.naver.com/faq/content.help?faqId=14887)\n*   [홈](https://help.sell.smartstore.naver.com/faq/content.help?faqId=14887)\n*   [회원가입](https://help.sell.smartstore.naver.com/faq/content.help?faqId=14887)\n*   [상품관리](https://help.sell.smartstore.naver.com/faq/content.help?faqId=14887)\n*   [쇼핑윈도관리](https://help.sell.smartstore.naver.com/faq/content.help?faqId=14887)\n*   [판매관리](https://help.sell.smartstore.naver.com/faq/content.help?faqId=14887)\n*   [정산관리](https://help.sell.smartstore.naver.com/faq/content.help?faqId=14887)\n*   [문의/리뷰관리](https://help.sell.smartstore.naver.com/faq/content.help?faqId=14887)\n*   [스토어관리](https://help.sell.smartstore.naver.com/faq/content.help?faqId=14887)\n*   [혜택/마케팅](https://help.sell.smartstore.naver.com/faq/content.help?faqId=14887)\n*   [브랜드 혜택/마케팅](https://help.sell.smartstore.naver.com/faq/content.help?faqId=14887)\n*   [커머스솔루션](https://help.sell.smartstore.naver.com/faq/content.help?faqId=14887)\n*   [데이터 분석](https://help.sell.smartstore.naver.com/faq/content.help?faqId=14887)\n*   [광고관리](https://help.sell.smartstore.naver.com/faq/content.help?faqId=14887)\n*   [프로모션 관리](https://help.sell.smartstore.naver.com/faq/content.help?faqId=14887)\n*   [N배송 관리](https://help.sell.smartstore.naver.com/faq/content.help?faqId=14887)\n*   [판매자 정보](https://help.sell.smartstore.naver.com/faq/content.help?faqId=14887)\n*   [공지사항](https://help.sell.smartstore.naver.com/faq/content.help?faqId=14887)\n*   [공통/기타](https://help.sell.smartstore.naver.com/faq/content.help?faqId=14887)\n\n검색어 입력 0/100\n\n[검색](https://help.sell.smartstore.naver.com/faq/content.help?faqId=14887#)\n\n자동완성 켜기 자동완성 끄기 닫기\n\n*   [자주 묻는 질문](https://help.sell.smartstore.naver.com/faq/content.help?faqId=14887#)\n*   [★ 메뉴 활용 방법](https://help.sell.smartstore.naver.com/faq/content.help?faqId=14887#)\n*   [2단계 인증](https://help.sell.smartstore.naver.com/faq/content.help?faqId=14887#)\n*   [가입 절차](https://help.sell.smartstore.naver.com/faq/content.help?faqId=14887#)\n*   [고객확인제도](https://help.sell.smartstore.naver.com/faq/content.help?faqId=14887#)\n*   [수수료의 종류](https://help.sell.smartstore.naver.com/faq/content.help?faqId=14887#)\n*   [상품등록](https://help.sell.smartstore.naver.com/faq/content.help?faqId=14887#)\n*   [발송처리](https://help.sell.smartstore.naver.com/faq/content.help?faqId=14887#)\n*   [자동 구매확정](https://help.sell.smartstore.naver.com/faq/content.help?faqId=14887#)\n*   [부가세신고](https://help.sell.smartstore.naver.com/faq/content.help?faqId=14887#)\n\n### 상품 조회/수정\n\n*   [★ 상품 조회/수정 메뉴 활용방법](https://help.sell.smartstore.naver.com/faq/content.help?faqId=14887)\n*   [★ 그룹상품 조회/수정 메뉴 활용방법](https://help.sell.smartstore.naver.com/faq/content.help?faqId=14887)\n*   [★ '상품 조회/수정' 관련 자주 묻는 질문](https://help.sell.smartstore.naver.com/faq/content.help?faqId=14887)\n*   [상품조회/수정 메뉴에서 내가 등록한 상품이 조회되지 않아요.](https://help.sell.smartstore.naver.com/faq/content.help?faqId=14887)\n*   [내가 등록한 상품을 어떻게 확인할 수 있나요?](https://help.sell.smartstore.naver.com/faq/content.help?faqId=14887)\n*   [이미 등록한 상품을 수정하고 싶어요.](https://help.sell.smartstore.naver.com/faq/content.help?faqId=14887)\n*   [[쇼핑윈도 전용] 쇼핑윈도에 노출되는 상품만 조회하고 싶어요.](https://help.sell.smartstore.naver.com/faq/content.help?faqId=14887)\n*   [등록된 상품의 정보를 엑셀로 다운로드 받고 싶어요.](https://help.sell.smartstore.naver.com/faq/content.help?faqId=14887)\n*   [[쇼핑윈도 전용] \"쇼핑윈도의 경우에는 전시상태를 직접 변경하실 수 없습니다\"는 무슨 의미인가요?](https://help.sell.smartstore.naver.com/faq/content.help?faqId=14887)\n*   [[쇼핑윈도 전용] 윈도서비스 페이지에 상품이 노출되지 않아요. 왜 그런가요?](https://help.sell.smartstore.naver.com/faq/content.help?faqId=14887)\n*   [모바일 환경에서 추가구성 상품을 등록/수정 가능한가요?](https://help.sell.smartstore.naver.com/faq/content.help?faqId=14887)\n*   [상품의 옵션은 몇 개까지 등록 가능한가요?](https://help.sell.smartstore.naver.com/faq/content.help?faqId=14887)\n*   [[쇼핑윈도 전용] 쇼핑윈도 상품 불러오기로 등록 후 상품 수정은 어떻게 하나요?](https://help.sell.smartstore.naver.com/faq/content.help?faqId=14887)\n*   [[쇼핑윈도 전용] 쇼핑윈도 상품들이 많은데 상품정보/조회 수정 메뉴에서 확인되지 않아요.](https://help.sell.smartstore.naver.com/faq/content.help?faqId=14887)\n*   [즉시할인 일괄설정/해제는 어떻게 하나요?](https://help.sell.smartstore.naver.com/faq/content.help?faqId=14887)\n*   [PC에서는 공지사항이 노출되나 모바일에서는 노출되지 않아요.](https://help.sell.smartstore.naver.com/faq/content.help?faqId=14887)\n*   [상세이미지를 변경하였으나 모바일(휴대폰)에서는 변경 전 이미지로 노출돼요.](https://help.sell.smartstore.naver.com/faq/content.help?faqId=14887)\n*   [상품등록 후 대카테고리 수정이 가능한가요?](https://help.sell.smartstore.naver.com/faq/content.help?faqId=14887)\n*   [상품목록에서 엑셀다운로드 시 파일이 정상적으로 열리지 않아요.(깨짐 현상)](https://help.sell.smartstore.naver.com/faq/content.help?faqId=14887)\n*   [연결완료된 카탈로그가 내 상품과 맞지 않아요.](https://help.sell.smartstore.naver.com/faq/content.help?faqId=14887)\n*   [옵션/추가상품 판매 중 일부가 품절되었습니다. '품절'처리는 어떻게 하나요?](https://help.sell.smartstore.naver.com/faq/content.help?faqId=14887)\n*   [네이버쇼핑 검색결과 내 쇼핑몰 명 하단 '적립/쿠폰/할인'문구가 노출되길 원해요.](https://help.sell.smartstore.naver.com/faq/content.help?faqId=14887)\n*   [네이버쇼핑에 노출되는 제조사/브랜드명이 입력한 정보와 상이하게 노출돼요.](https://help.sell.smartstore.naver.com/faq/content.help?faqId=14887)\n*   [상품 상세페이지의 배송기간(리드타임) 노출 기준이 어떻게 되나요?](https://help.sell.smartstore.naver.com/faq/content.help?faqId=14887)\n*   [상품명을 바꿔도 수정되지 않아요.](https://help.sell.smartstore.naver.com/faq/content.help?faqId=14887)\n*   [판매 진행 중인 전체 상품을 오늘출발 가능한 상품으로 일괄 변경하고 싶어요.](https://help.sell.smartstore.naver.com/faq/content.help?faqId=14887)\n*   [오늘출발로 설정한 상품을 일괄 조회하고 싶어요.](https://help.sell.smartstore.naver.com/faq/content.help?faqId=14887)\n*   [이미 등록된 상품을 맞춤제작 상품으로 일괄 변경하고 싶어요.](https://help.sell.smartstore.naver.com/faq/content.help?faqId=14887)\n*   [맞춤제작 상품은 어떻게 구분할 수 있나요?](https://help.sell.smartstore.naver.com/faq/content.help?faqId=14887)\n*   [모바일 상세페이지 확인 시 빠른 이미지 노출을 위한 권장사항이 있을까요?](https://help.sell.smartstore.naver.com/faq/content.help?faqId=14887)\n*   [상품 상세페이지의 배송 시뮬레이터는 어떻게 노출하나요?](https://help.sell.smartstore.naver.com/faq/content.help?faqId=14887)\n*   [판매중인 상품의 배송정보를 일괄로 수정 하고 싶어요.](https://help.sell.smartstore.naver.com/faq/content.help?faqId=14887)\n*   [예약구매 상품을 일괄 변경하고 싶어요.](https://help.sell.smartstore.naver.com/faq/content.help?faqId=14887)\n*   [예약구매 상품만 조회할 수 있나요?](https://help.sell.smartstore.naver.com/faq/content.help?faqId=14887)\n*   [상품 일괄수정(변경)은 어떻게 하나요?](https://help.sell.smartstore.naver.com/faq/content.help?faqId=14887)\n*   [라이브 특가 적용 중인 상품의 할인을 수정하면 어떻게 되나요?](https://help.sell.smartstore.naver.com/faq/content.help?faqId=14887)\n*   ['라이브 특가를 설정한 상품이 있는지 미리 확인하세요' 문구는 왜 뜨나요?](https://help.sell.smartstore.naver.com/faq/content.help?faqId=14887)\n*   [상품을 판매중지/전시중지로 변경이 가능한가요?](https://help.sell.smartstore.naver.com/faq/content.help?faqId=14887)\n*   [상품(옵션)의 재고수량이 많으나, 품절로 변경되었어요.](https://help.sell.smartstore.naver.com/faq/content.help?faqId=14887)\n*   [상품 상세페이지에 노출되는 '사용자 총 평점'는 어떤 기준으로 노출되나요?](https://help.sell.smartstore.naver.com/faq/content.help?faqId=14887)\n*   ['모바일 미리보기'가 안됩니다. 어떻게 해야하나요?](https://help.sell.smartstore.naver.com/faq/content.help?faqId=14887)\n*   [실수로 상품을 삭제했습니다. 복구 가능한가요?](https://help.sell.smartstore.naver.com/faq/content.help?faqId=14887)\n*   [모바일로 상품조회/수정 메뉴에서 확인되는 상품번호 클릭 시 상품페이지로 접속되지 않습니다.](https://help.sell.smartstore.naver.com/faq/content.help?faqId=14887)\n*   [판매기간 종료된 상품은 \"판매중\"으로 어떻게 변경하나요?](https://help.sell.smartstore.naver.com/faq/content.help?faqId=14887)\n*   [[풀필먼트] 풀필먼트 정보를 일괄로 변경 할 수 있나요?](https://help.sell.smartstore.naver.com/faq/content.help?faqId=14887)\n*   [[풀필먼트] 상품 목록에서 풀필먼트사는 무엇인가요?](https://help.sell.smartstore.naver.com/faq/content.help?faqId=14887)\n*   [[풀필먼트] 풀필먼트가 설정된 상품만 조회할 수 있나요?](https://help.sell.smartstore.naver.com/faq/content.help?faqId=14887)\n*   [최대할인가 목록에서 노출되는 쿠폰 기준은 어떻게 되나요?](https://help.sell.smartstore.naver.com/faq/content.help?faqId=14887)\n*   [상품상세가 HTML로 자동 변경되었습니다, 왜 그런건가요?](https://help.sell.smartstore.naver.com/faq/content.help?faqId=14887)\n*   [모바일 미리보기에서 등록한 영상 이미지가 노출되지 않습니다. 왜 그런가요?](https://help.sell.smartstore.naver.com/faq/content.help?faqId=14887)\n*   [디지털/가전으로 등록된 카테고리가 배송없음으로 등록/수정이 안돼요.](https://help.sell.smartstore.naver.com/faq/content.help?faqId=14887)\n*   [트래픽이 많이 발생할 수 있는 이벤트(마케팅 등)를 진행해도 문제가 없나요?](https://help.sell.smartstore.naver.com/faq/content.help?faqId=14887)\n*   [상품 일괄수정(변경) 시 '작업중 오류가 발생했습니다.' 메시지가 노출됩니다.](https://help.sell.smartstore.naver.com/faq/content.help?faqId=14887)\n*   [상품을 삭제하려고 하는데 진행되지 않습니다. 왜 그런가요?](https://help.sell.smartstore.naver.com/faq/content.help?faqId=14887)\n*   [[풀필먼트] 물류사에는 재고가 있는데 스마트스토어에는 품절로 보여요.](https://help.sell.smartstore.naver.com/faq/content.help?faqId=14887)\n*   [[풀필먼트] 풀필먼트 이용 시 반품/교환 수거도 물류사를 통해 진행되나요?](https://help.sell.smartstore.naver.com/faq/content.help?faqId=14887)\n*   [품절된 상품이나 주문이 발생하였습니다. 왜 그런가요?](https://help.sell.smartstore.naver.com/faq/content.help?faqId=14887)\n*   [모바일 미리보기없이 원본 그대로 노출하고 싶습니다.](https://help.sell.smartstore.naver.com/faq/content.help?faqId=14887)\n*   [등록한 상품이 네이버쇼핑 등록 Y(노출중단)으로 노출됩니다. 왜 그런가요?](https://help.sell.smartstore.naver.com/faq/content.help?faqId=14887)\n*   [상세 이미지가 다운로드되지 않도록 설정 가능한가요?](https://help.sell.smartstore.naver.com/faq/content.help?faqId=14887)\n*   [[그룹상품] '그룹 설정' 기능은 무엇인가요?](https://help.sell.smartstore.naver.com/faq/content.help?faqId=14887)\n\n그룹 설정이란, 기존 등록된 상품을 그룹상품으로 전환할 수 있는 기능입니다.\n\n**[그룹상품이란?](https://sell.smartstore.naver.com/#/center-notice/detail/100015172)》**\n\n**그룹 설정 방법**\n\n상품 조회/수정 > 전체 상품 조회/수정에서 상품을 선택해 [그룹 설정] 버튼을 클릭해주세요.\n\n[그룹 설정] 버튼 클릭 시 그룹 설정 페이지로 이동되며, 그룹상품 전환에 필요한 그룹상품명 및 판매옵션 정보를 설정해야 합니다.\n\n그룹상품명, 판매옵션 설정 후 [저장하기] 버튼 클릭 시 그룹 설정이 완료됩니다.\n\n![Image 1: %EA%B7%B8%EB%A3%B9%20%EC%A0%84%ED%99%98](https://help.sell.smartstore.naver.com/fpsfiles/ko/202402/3618af9f-4bc4-404d-b7a4-e23f4fe9749d.png)\n\n기존 상품을 그룹상품으로 전환하는 것 뿐만 아니라, 이와 동시에 그룹에 추가하고 싶은 상품을 신규로 등록할 수 있습니다.\n\n'판매옵션 추가' 기능을 통해 판매옵션 목록에 상품을 추가해 신규로 등록해보세요. (신규 상품번호 생성)\n\n![Image 2: %EC%9D%B4%EB%AF%B8%EC%A7%801](https://help.sell.smartstore.naver.com/fpsfiles/ko/202502/d1e1a943-9034-4412-991e-a8a35d5249bd.png)\n\n**그룹 설정 가능 조건**\n\n아래 조건을 모두 만족하는 상품에 한하여 그룹설정이 가능합니다.\n\n- 그룹상품 여부: 그룹상품이 아닌 상품 (이미 그룹상품으로 등록된 상품은 그룹설정이 불가하며, 각 상품은 1개의 그룹에만 포함 가능)\n\n- 카테고리: 동일 카테고리 상품 (최종 카테고리 기준)\n\n- 결제여부: 설정함\n\n- 출고지: 출고지가 국내 또는 해외로 동일한 상품\n\n- 추가상품: (추가상품이 설정된 상품일 경우) 추가상품명이 1개이고 추가상품값이 5개 이하인 상품\n\n- 최소구매수량: 미설정\n\n- 구독 설정: (구독 설정된 상품일 경우) 옵션명별 옵션값이 1개이고 직접입력형 옵션이 미설정된 상품\n\n- 쇼핑윈도 사이트명: (쇼핑윈도 상품일 경우) 동일 사이트명 설정 상품\n\n- 판매상태: 상품의 판매상태가 '판매금지', '승인대기', '승인거부'가 아닌 상품\n\n- 옵션조합 개수: 단독형 옵션, 조합형 옵션, 색상・사이즈 간편옵션이 존재하는 상품의 경우, 하나의 상품에 설정된 옵션의 조합이 200개 미만인 상품\n\n- 옵션명 개수: 단독형 옵션, 조합형 옵션, 색상・사이즈 간편옵션이 존재하는 상품의 경우, '옵션명'의 개수가 3개 이하인 상품\n\n- 특수할인: 라이브할인/원쁠딜할인이 진행 중이지 않은 상품, 또는 진행 중이나 옵션이 설정되지 않은 상품\n\n**기존 그룹에 신규 상품 추가**\n\n기존 상품을 신규 그룹상품으로 설정하는 것 뿐만 아니라,\n\n'그룹상품 수정' 페이지의 '기존 상품 불러오기' 기능을 통해, 기존에 존재하는 그룹상품에 상품을 추가하는 것도 가능합니다.\n\n​\n\n**! 주의.**\n\n**· 기존에 옵션이 2개 이상 등록된 상품을 그룹상품으로 전환할 경우, 각 옵션은 별도의 상품번호를 가진 개별 상품으로 전환됩니다. (기존 상품 하위에 설정된 옵션 정보는 삭제)**\n\n- 그룹상품으로 설정할 옵션은 **'그룹상품 설정 대상 선택' 팝업**에서 선택할 수 있습니다. (단, 직접입력・지점 옵션 제외)\n\n- 선택되지 않은 옵션 정보는 기존 상품에서 사라지니 신중하게 선택해 주세요.\n\n- 옵션이 2개 이상인 상품은 **선택된 옵션 중 첫 번째 옵션에 기존 상품번호가 유지**되며, **기존 주문・인기도・리뷰 데이터도 함께 유지**됩니다.\n\n- 나머지 옵션들은 **새로운 상품으로 생성**되며, **새로운 상품번호가 부여**됩니다.\n\n[**☞ [그룹상품] 옵션이 존재하는 상품을 그룹설정할 경우, 어떤 것을 유의해야 하나요?**](https://help.sell.smartstore.naver.com/faq/content.help?faqId=15757)\n\n****\n\n![Image 3: %EC%9D%B4%EB%AF%B8%EC%A7%801](https://help.sell.smartstore.naver.com/fpsfiles/ko/202502/0ba97a24-98b1-4a43-bb2a-81913c8f98a1.png)\n\n**· 그룹설정 시, '그룹 설정 추천'과 '그룹상품명과 판매옵션 추천'이 제공됩니다.**\n\n- '그룹 설정 추천'은 판매자가 선택한 상품 외, 함께 그룹으로 묶을 만한 상품이 더 있다면 Ai가 추천해주는 기능입니다.\n\n- '그룹상품명과 판매옵션 추천'은 선택한 상품의 정보를 기반으로, 그룹상품명과 판매옵션을 추천하여 자동으로 입력해주는 기능입니다.\n\n- 정식 서비스 오픈 전, 더 나은 서비스 제공을 위해 시험 운영 중인 베타 서비스이므로, 추천 결과가 정확하지 않을 수 있으니 반드시 상세히 확인하며 진행해 주세요.\n\n![Image 4: %EC%9D%B4%EB%AF%B8%EC%A7%801](https://help.sell.smartstore.naver.com/fpsfiles/ko/202502/43cfb2e5-1e3c-455e-a333-fff6655d835a.png)\n\n![Image 5: %EC%9D%B4%EB%AF%B8%EC%A7%802](https://help.sell.smartstore.naver.com/fpsfiles/ko/202502/1460b504-a94b-496b-b32c-f8ec813f40d6.png)\n\n· 그룹 설정 완료 후, 각 상품은 **그룹상품으로 등록된 날짜로부터 30일 이내까지만 그룹 해제가 가능**하며, 30일이 경과된 후에는 그룹 해제가 불가합니다.\n\n**[그룹 해제 정책 자세히 알아보기](https://help.sell.smartstore.naver.com/faq/content.help?faqId=15077)》**\n\n· 단, 상품 자체를 삭제할 경우 해당 상품은 삭제와 동시에 그룹에서 즉시 해제됩니다.\n\n· 30일이 경과된 이후에 부득이하게 그룹 해제가 필요한 경우, 고객센터 [**1:1 문의**](https://help.sell.smartstore.naver.com/mail/form.help)를 통해 접수해 주세요.(상담분류 : 상품관리 > ‘그룹상품 해제 요청‘ 선택)\n\n· 내부 검토를 거쳐 그룹 해제 처리가 진행되며, 내부 정책에 따라 그룹 해제 요청이 반려될 수 있습니다.\n\n**· 판매옵션 수정은 그룹 설정 완료일로부터 30일 경과 시까지 가능합니다.**\n\n· 위 조건에 해당하는 경우, [그룹상품 조회/수정 > 수정 페이지] 에서 판매옵션 수정이 가능합니다.\n\n※ 그룹상품에 속한 상품은 그룹상품 조회/수정 페이지에서만 판매옵션 수정이 가능합니다.\n\n· 30일이 경과된 이후에 부득이하게 판매옵션 수정이 필요한 경우, 고객센터 [**1:1 문의**](https://help.sell.smartstore.naver.com/mail/form.help)를 통해 그룹 해제를 요청해 주세요.\n\n(상담분류 : 상품관리 > ‘그룹상품 해제 요청‘ 선택)\n\n****\n\n**· 그룹상품 전환 시, 상품에 기존 설정된 스마트스토어, 쇼핑윈도 전용상품명이 삭제됩니다.**\n\n- 필요 시 노출채널 > 추가문구를 설정해주세요.\n\n**· 아래 조건을 모두 만족하는 풀필먼트 상품을 그룹 설정 시 물류사 시스템에서 재고 매핑 정보를 상품번호로 반드시 수정해 주세요.**\n\n- CJ대한통운 / 품고 / 파스토 / 아워박스 / 아르고(ARGO)’ 물류사 설정 상품\n\n- 선택형 옵션을 설정한 상품 (조합형 옵션 또는 색상/사이즈 간편입력을 설정한 상품)\n\n· 그룹상품으로 전환 시 상품의 기존 옵션 정보가 모두 삭제되고 옵션이 없는 단일상품으로 변경되기에, 재고 매핑 정보를 ‘옵션 관리코드 → 상품번호’로 별도 수정하지 않을 경우 재고 연동이 불가합니다.\n\n· 재고 매핑 정보 설정 관련 상세 내용은 네이버 풀필먼트 매뉴얼을 참고해주세요.**[네이버 풀필먼트 매뉴얼 바로가기](https://sell.smartstore.naver.com/#/center-notice/detail/100012264)****》**\n\n**· 그룹 설정하고자 하는 상품에 가격비교 사이트가 설정된 경우, 상품 1개에라도 설정된 사이트는 그룹 정보로 자동 입력됩니다.**\n\n- 예시) '네이버쇼핑' 가격비교 사이트 설정 상품 & '에누리' 가격비교 사이트 설정 상품 함께 그룹 설정 -> 그룹 가격비교 사이트 정보로 '네이버쇼핑', '에누리' 모두 설정됨\n\n- 반드시 확인 후 필요할 경우 수정해주세요.\n\n**※ 참고.**\n\n· 운영자에 의해 네이버 쇼핑에서 삭제된 상품을 그룹상품으로 전환할 경우, 해당 상품이 포함된 그룹의 전체 상품이 네이버 쇼핑에 노출되지 않을 수 있습니다.\n\n· 이미 등록된 그룹에 상품을 추가해 그룹상품으로 전환하고 싶은 경우, 상품 조회/수정 > 그룹상품 수정의 '기존 상품 불러오기' 기능을 사용해주세요. [**자세히 알아보기》**](https://help.sell.smartstore.naver.com/faq/content.help?faqId=15651)\n\n****\n\n**온라인으로 배우는 그룹상품 활용 방법**\n\n([☞ 새 창으로 열기](https://bizschool.naver.com/online/course/65265/lecture/1462218))\n\n위 도움말이 도움이 되었나요?\n\n- [x] 별점1점 - [x] 별점2점 - [x] 별점3점 - [x] 별점4점 - [x] 별점5점   도움말에 대한 소중한 의견은 서비스 개선에 큰 도움이 됩니다. 만약, 궁금하신 내용이 있다면 고객센터로 문의주시면 친절히 안내해 드리겠습니다.보내기  \n\n**관련 도움말/키워드**\n    *   [[그룹상품] 어떤 상품을 그룹으로 설정할 수 있나요? (그룹 설정 가능 조건)](https://help.sell.smartstore.naver.com/faq/content.help?faqId=15685)\n    *   [[그룹상품] 옵션이 존재하는 상품을 그룹설정할 경우, 어떤 것을 유의해야 하나요?](https://help.sell.smartstore.naver.com/faq/content.help?faqId=15757)\n\n[도움말 닫기](https://help.sell.smartstore.naver.com/faq/content.help?faqId=14887)\n\n*   [[그룹상품] 옵션이 존재하는 상품을 그룹설정할 경우, 어떤 것을 유의해야 하나요?](https://help.sell.smartstore.naver.com/faq/content.help?faqId=14887)\n*   [상품정보 제공고시 내 '제조국'을 입력하지 않았으나, 표기되고 있습니다. 왜 그런가요?](https://help.sell.smartstore.naver.com/faq/content.help?faqId=14887)\n*   [[그룹상품] 그룹상품 등록 이후 상품을 그룹에서 해제할 수 있나요?](https://help.sell.smartstore.naver.com/faq/content.help?faqId=14887)\n*   [상품 정보 변경 전 장바구니에 담은 후, 상품의 정보가 변동될 시 자동 반영 되나요?](https://help.sell.smartstore.naver.com/faq/content.help?faqId=14887)\n*   [상품 등록/수정 시 오늘출발로 배송유형을 선택하면 배송비 템플릿 추가할 수 없나요?](https://help.sell.smartstore.naver.com/faq/content.help?faqId=14887)\n*   [Npay에서 구매자에게 제공하는 구매적립 혜택에 대해 제외되는 카테고리가 있나요?](https://help.sell.smartstore.naver.com/faq/content.help?faqId=14887)\n*   [상품 상세페이지에 노출되는 'AI구매선호 분석'이 무엇인가요?](https://help.sell.smartstore.naver.com/faq/content.help?faqId=14887)\n*   [상품 상세페이지 내 'AI구매선호분석' 그래프를 노출 또는 미노출 시킬 수 있나요?](https://help.sell.smartstore.naver.com/faq/content.help?faqId=14887)\n*   [[그룹상품] 그룹 설정에서 AI 추천은 어떤 기능을 하나요?](https://help.sell.smartstore.naver.com/faq/content.help?faqId=14887)\n*   [[그룹상품] 기준 상품 선택은 무엇인가요?](https://help.sell.smartstore.naver.com/faq/content.help?faqId=14887)\n*   [[그룹상품] 기존 등록한 그룹에 상품을 추가할 수 있나요?](https://help.sell.smartstore.naver.com/faq/content.help?faqId=14887)\n*   [상품 등록 시 적용한 할인율과 다르게 노출됩니다. 왜 그런가요?](https://help.sell.smartstore.naver.com/faq/content.help?faqId=14887)\n*   [[그룹상품] 색상칩을 상품페이지에 노출시키거나, 노출되지 않도록 설정할 수 있나요?](https://help.sell.smartstore.naver.com/faq/content.help?faqId=14887)\n*   [[그룹상품] 어떤 상품을 그룹으로 설정할 수 있나요? (그룹 설정 가능 조건)](https://help.sell.smartstore.naver.com/faq/content.help?faqId=14887)\n*   [[그룹상품] 그룹상품으로 설정하면 기존에 등록되어 있던 리뷰는 어떻게 되나요?](https://help.sell.smartstore.naver.com/faq/content.help?faqId=14887)\n*   [상품의 전시상태가 \"수정\"으로 노출되는 건 왜 그런가요?](https://help.sell.smartstore.naver.com/faq/content.help?faqId=14887)\n*   [모바일 미리보기에서 등록한 이미지가 노출되지 않습니다. 왜 그런가요?](https://help.sell.smartstore.naver.com/faq/content.help?faqId=14887)\n*   [[그룹상품] 상품명, 부가세,공지사항 등 수정하려고 하나, 활성화되지 않습니다. 왜 그런가요?](https://help.sell.smartstore.naver.com/faq/content.help?faqId=14887)\n*   [[장바구니]버튼이 확인되지 않는 상품이 있습니다. 왜 그런가요?](https://help.sell.smartstore.naver.com/faq/content.help?faqId=14887)\n*   [SKU가 연결된 상품을 그룹설정 시 주의해야할 게 있나요?](https://help.sell.smartstore.naver.com/faq/content.help?faqId=14887)\n*   [자동가격관리 기능은 무엇인가요?](https://help.sell.smartstore.naver.com/faq/content.help?faqId=14887)\n*   [자동가격관리 설정 불가한 조건이 있나요?](https://help.sell.smartstore.naver.com/faq/content.help?faqId=14887)\n*   [자동가격관리 설정이 자동으로 해제되었어요. 왜 그런가요?](https://help.sell.smartstore.naver.com/faq/content.help?faqId=14887)\n*   [자동가격관리 대상 판매자/카테고리가 궁금합니다.](https://help.sell.smartstore.naver.com/faq/content.help?faqId=14887)\n*   [자동가격관리 설정 시 가격이 변경되지 않습니다. 왜 그런가요?](https://help.sell.smartstore.naver.com/faq/content.help?faqId=14887)\n*   [자동가격관리 설정 시 가격 정보는 배송비/쿠폰을 포함하나요?](https://help.sell.smartstore.naver.com/faq/content.help?faqId=14887)\n*   [자동가격관리 설정에서 배송비 기준은 무엇인가요?](https://help.sell.smartstore.naver.com/faq/content.help?faqId=14887)\n*   [자동가격관리 설정 > 변경 범위에서 '추천가' 기준은 무엇인가요?](https://help.sell.smartstore.naver.com/faq/content.help?faqId=14887)\n*   [자동가격관리 설정과 카탈로그 페이지 내 쿠폰 할인가 금액이 다릅니다. 왜 그런가요?](https://help.sell.smartstore.naver.com/faq/content.help?faqId=14887)\n*   [자동가격관리 설정 시 가격이 정상적으로 변경되지 않을 수 있나요?](https://help.sell.smartstore.naver.com/faq/content.help?faqId=14887)\n*   [자동가격관리 설정 후 상품 가격이 자동으로 변경되었는데, 카탈로그에 반영되지 않습니다. 왜 그런가요?](https://help.sell.smartstore.naver.com/faq/content.help?faqId=14887)\n*   [자동가격관리 설정 후 카탈로그 매칭 정보가 변경되면 어떻게 되나요?](https://help.sell.smartstore.naver.com/faq/content.help?faqId=14887)\n*   [[그룹상품] 그룹상품 등록 이후 판매옵션 정보를 수정할 수 있나요?](https://help.sell.smartstore.naver.com/faq/content.help?faqId=14887)\n*   [[그룹상품] 상품목록과 상품상세에서의 색상칩 개수가 다릅니다. 왜 그런가요?](https://help.sell.smartstore.naver.com/faq/content.help?faqId=14887)\n\n*   [이용약관](https://sell.smartstore.naver.com/#/terms/agreement \"새창\")\n*   [전자금융거래 이용약관](https://new-m.pay.naver.com/member/terms-policy/finance \"새창\")\n*   [**개인정보 처리방침**](http://mktg.naver.com/privacy/privacy.html \"새창\")\n*   [청소년 보호정책](http://www.naver.com/policy/youthpolicy.html \"새창\")\n*   [책임의 한계와 법적고지](http://smartstore.naver.com/main/rules/responsibility \"팝업\")\n*   [안전거래가이드](http://ips.smartstore.naver.com/main/rules/safety \"새창\")\n*   [고객센터](https://help.sell.smartstore.naver.com/)\n\n네이버㈜는 결제정보의 중개서비스 또는 통신판매중개시스템의 제공자로서, 통신판매의 당사자가 아니며, 상품의 주문, 배송 및 환불 등과 관련한 의무와 책임은 각 판매자에게 있습니다.\n\n또한 판매자와 구매자간의 직거래에 대하여 당사는 관여하지 않기 때문에 거래에 대해서는 책임을 지지 않습니다.\n\n*   사업자등록번호 : 220-81-62517\n*   통신판매업신고번호 : 제2006-경기성남-0692호\n*   대표이사 : 최수연\n*   [사업자정보확인](https://www.ftc.go.kr/bizCommPop.do?wrkr_no=2208162517 \"새창\")\n*   주소 : 경기도 성남시 분당구 정자일로 95, NAVER 1784 (13561)\n*   전화 : 1588-3819\n*   이메일 : [helpcustomer@naver.com](mailto:helpcustomer@naver.com)\n*   [1:1문의](https://help.sell.smartstore.naver.com/mail/form.help)\n\n[NAVER](http://www.navercorp.com/ko/index.nhn \"새창\")\n\nCopyright © [**NAVER Corp.**](http://www.navercorp.com/ko/index.nhn \"새창\") All rights reserved."
      },
      {
        "platform": "naver",
        "title": "스마트스토어 고객센터",
        "url": "https://help.sell.smartstore.naver.com/faq/content.help?faqId=14877",
        "snippet": "스마트스토어 고객센터\n\nNAVER스마트스토어센터\n\n로그인\n\n궁금할 땐 톡톡상담하세요!\n\n톡톡상담\n\n   홈\n       홈\n\n   회원가입\n       신규 회원가입\n       초대로 회원가입\n       아이디/비밀번호 찾기\n       탈퇴/재가입\n       네이버 쇼핑 입점\n       2단계 인증\n\n   상품관리\n       그룹상품 리뷰이동\n       그룹상품 노출 관리\n       상품 조회/수정\n       상품 등록\n       상품 일괄등록\n       카탈로그 가격관리\n       연관상품 관리\n       사진 보관함\n       배송정보 관리\n       템플릿 관리\n       공지사항 관리\n       상품정보 검색품질(SEO)\n       구독 관리\n       상품명 마스터\n       등록 정보 검토\n       검색 순위 진단 [...] - [x] 별점1점 - [x] 별점2점 - [x] 별점3점 - [x] 별점4점 - [x] 별점5점   도움말에 대한 소중한 의견은 서비스 개선에 큰 도움이 됩니다. 만약, 궁금하신 내용이 있다면 고객센터로 문의주시면 친절히 안내해 드리겠습니다.보내기  \n\n관련 도움말/키워드\n       [[그룹상품] 그룹상품 등록 이후 상품을 그룹에서 해제할 수 있나요?](\n       [[그룹상품] 그룹상품 등록 이후 판매옵션 정보를 수정할 수 있나요?](\n\n도움말 닫기 [...] 비실물 서비스 이용권 판매 시 결제수단 제한이 있나요?\n   '사이즈'는 어떤 정보를 입력하나요?\n   판매가 설정 시 '판매가를 기준으로 -80% ~ + 50% 이내로 입력해 주세요.' 문구가 노출됩니다. 어떻게 해야 하나요?\n   예약구매 상품이 검색 결과에 노출되나요?\n   네이버쇼핑에 '가격비교 매칭'은 어떻게 요청 하나요?\n   N배송 상품도 예약구매로 판매할 수 있나요?\n   [[그룹상품] '색상칩'은 어떻게 설정해야 하나요?](\n   [[그룹상품] 그룹 공통 정보에는 무엇이 있나요?](\n   품번이란 무엇인가요?\n   SmartEditorONE(스마트에디터)에서 이미지를 등록할 때는 여백이 없지만, 등록 후 상세 페이지를 확인하면 여백이 생기는 이유는 무엇인가요?\n   [[그룹상품] 구성품이 다른 상품을 그룹상품으로 등록할 수 있나요?](\n   회원가입을 진행했으나 아직 심사는 진행되지 않았습니다. 상품을 먼저 등록할 수 있나요?",
        "score": 0.046573047,
        "timestamp": "2025-11-29T02:23:20.952673",
        "raw_content": "스마트스토어 고객센터\n\n===============\n\n[NAVER](http://www.naver.com/ \"NAVER\")[스마트스토어센터](https://sell.smartstore.naver.com/ \"스마트스토어센터\")\n===============================================================================================\n\n[로그인](https://help.sell.smartstore.naver.com/faq/content.help?faqId=14877#)\n\n궁금할 땐 톡톡상담하세요!\n\n[톡톡상담](https://help.sell.smartstore.naver.com/faq/content.help?faqId=14877#)\n\n*   [홈](https://help.sell.smartstore.naver.com/faq/content.help?faqId=14877)\n    *   [홈](https://help.sell.smartstore.naver.com/faq/list.help?categoryId=11082)\n\n*   [회원가입](https://help.sell.smartstore.naver.com/faq/content.help?faqId=14877)\n    *   [신규 회원가입](https://help.sell.smartstore.naver.com/faq/list.help?categoryId=535)\n    *   [초대로 회원가입](https://help.sell.smartstore.naver.com/faq/list.help?categoryId=536)\n    *   [아이디/비밀번호 찾기](https://help.sell.smartstore.naver.com/faq/list.help?categoryId=537)\n    *   [탈퇴/재가입](https://help.sell.smartstore.naver.com/faq/list.help?categoryId=538)\n    *   [네이버 쇼핑 입점](https://help.sell.smartstore.naver.com/faq/list.help?categoryId=539)\n    *   [2단계 인증](https://help.sell.smartstore.naver.com/faq/list.help?categoryId=924)\n\n*   [상품관리](https://help.sell.smartstore.naver.com/faq/content.help?faqId=14877)\n    *   [그룹상품 리뷰이동](https://help.sell.smartstore.naver.com/faq/list.help?categoryId=11086)\n    *   [그룹상품 노출 관리](https://help.sell.smartstore.naver.com/faq/list.help?categoryId=11126)\n    *   [상품 조회/수정](https://help.sell.smartstore.naver.com/faq/list.help?categoryId=540)\n    *   [상품 등록](https://help.sell.smartstore.naver.com/faq/list.help?categoryId=541)\n    *   [상품 일괄등록](https://help.sell.smartstore.naver.com/faq/list.help?categoryId=542)\n    *   [카탈로그 가격관리](https://help.sell.smartstore.naver.com/faq/list.help?categoryId=848)\n    *   [연관상품 관리](https://help.sell.smartstore.naver.com/faq/list.help?categoryId=649)\n    *   [사진 보관함](https://help.sell.smartstore.naver.com/faq/list.help?categoryId=543)\n    *   [배송정보 관리](https://help.sell.smartstore.naver.com/faq/list.help?categoryId=544)\n    *   [템플릿 관리](https://help.sell.smartstore.naver.com/faq/list.help?categoryId=545)\n    *   [공지사항 관리](https://help.sell.smartstore.naver.com/faq/list.help?categoryId=546)\n    *   [상품정보 검색품질(SEO)](https://help.sell.smartstore.naver.com/faq/list.help?categoryId=811)\n    *   [구독 관리](https://help.sell.smartstore.naver.com/faq/list.help?categoryId=1006)\n    *   [상품명 마스터](https://help.sell.smartstore.naver.com/faq/list.help?categoryId=10931)\n    *   [등록 정보 검토](https://help.sell.smartstore.naver.com/faq/list.help?categoryId=11139)\n    *   [검색 순위 진단](https://help.sell.smartstore.naver.com/faq/list.help?categoryId=11140)\n\n*   [쇼핑윈도관리](https://help.sell.smartstore.naver.com/faq/content.help?faqId=14877)\n    *   [쇼핑윈도 상품 조회/수정](https://help.sell.smartstore.naver.com/faq/list.help?categoryId=547)\n    *   [쇼핑윈도 상품 불러오기](https://help.sell.smartstore.naver.com/faq/list.help?categoryId=548)\n    *   [쇼핑윈도 소식 관리](https://help.sell.smartstore.naver.com/faq/list.help?categoryId=549)\n    *   [쇼핑윈도 스토어 관리](https://help.sell.smartstore.naver.com/faq/list.help?categoryId=551)\n\n*   [판매관리](https://help.sell.smartstore.naver.com/faq/content.help?faqId=14877)\n    *   [주문통합검색](https://help.sell.smartstore.naver.com/faq/list.help?categoryId=791)\n    *   [선물 수락대기](https://help.sell.smartstore.naver.com/faq/list.help?categoryId=558)\n    *   [미결제확인](https://help.sell.smartstore.naver.com/faq/list.help?categoryId=559)\n    *   [발주(주문)확인/발송관리](https://help.sell.smartstore.naver.com/faq/list.help?categoryId=560)\n    *   [배송현황 관리](https://help.sell.smartstore.naver.com/faq/list.help?categoryId=561)\n    *   [구매확정 내역](https://help.sell.smartstore.naver.com/faq/list.help?categoryId=562)\n    *   [취소 관리](https://help.sell.smartstore.naver.com/faq/list.help?categoryId=563)\n    *   [반품 관리](https://help.sell.smartstore.naver.com/faq/list.help?categoryId=564)\n    *   [교환 관리](https://help.sell.smartstore.naver.com/faq/list.help?categoryId=565)\n    *   [판매방해 고객관리](https://help.sell.smartstore.naver.com/faq/list.help?categoryId=837)\n    *   [반품안심케어](https://help.sell.smartstore.naver.com/faq/list.help?categoryId=10776)\n\n*   [정산관리](https://help.sell.smartstore.naver.com/faq/content.help?faqId=14877)\n    *   [정산 내역 (일별/건별)](https://help.sell.smartstore.naver.com/faq/list.help?categoryId=566)\n    *   [항목별 정산 내역](https://help.sell.smartstore.naver.com/faq/list.help?categoryId=567)\n    *   [빠른정산](https://help.sell.smartstore.naver.com/faq/list.help?categoryId=932)\n    *   [부가세신고 내역](https://help.sell.smartstore.naver.com/faq/list.help?categoryId=568)\n    *   [세금계산서 조회](https://help.sell.smartstore.naver.com/faq/list.help?categoryId=569)\n    *   [비즈월렛 관리](https://help.sell.smartstore.naver.com/faq/list.help?categoryId=570)\n    *   [통합 정산내역](https://help.sell.smartstore.naver.com/faq/list.help?categoryId=571)\n    *   [중소상공인수수료전반](https://help.sell.smartstore.naver.com/faq/list.help?categoryId=840)\n    *   [초보판매자 정산가이드](https://help.sell.smartstore.naver.com/faq/list.help?categoryId=10809)\n    *   [우대수수료 환급내역](https://help.sell.smartstore.naver.com/faq/list.help?categoryId=10867)\n    *   [매출연동수수료](https://help.sell.smartstore.naver.com/faq/list.help?categoryId=11033)\n\n*   [문의/리뷰관리](https://help.sell.smartstore.naver.com/faq/content.help?faqId=14877)\n    *   [문의 관리](https://help.sell.smartstore.naver.com/faq/list.help?categoryId=574)\n    *   [고객문의 관리](https://help.sell.smartstore.naver.com/faq/list.help?categoryId=575)\n    *   [리뷰 관리](https://help.sell.smartstore.naver.com/faq/list.help?categoryId=576)\n    *   [리뷰이벤트 관리](https://help.sell.smartstore.naver.com/faq/list.help?categoryId=857)\n    *   [상품상세 블로그글 노출](https://help.sell.smartstore.naver.com/faq/list.help?categoryId=10953)\n    *   [톡톡 상담하기](https://help.sell.smartstore.naver.com/faq/list.help?categoryId=10763)\n    *   [톡톡 쇼핑챗봇/AI FAQ 설정](https://help.sell.smartstore.naver.com/faq/list.help?categoryId=10764)\n\n*   [스토어관리](https://help.sell.smartstore.naver.com/faq/content.help?faqId=14877)\n    *   [스마트스토어](https://help.sell.smartstore.naver.com/faq/list.help?categoryId=577)\n    *   [카테고리 관리](https://help.sell.smartstore.naver.com/faq/list.help?categoryId=579)\n    *   [쇼핑스토리 관리](https://help.sell.smartstore.naver.com/faq/list.help?categoryId=652)\n    *   [쇼핑라이브 숏클립 등록](https://help.sell.smartstore.naver.com/faq/list.help?categoryId=10731)\n    *   [기본정보 관리](https://help.sell.smartstore.naver.com/faq/list.help?categoryId=580)\n    *   [API 관리](https://help.sell.smartstore.naver.com/faq/list.help?categoryId=10954)\n    *   [SNS 설정](https://help.sell.smartstore.naver.com/faq/list.help?categoryId=10965)\n    *   [쇼핑윈도 노출 신청](https://help.sell.smartstore.naver.com/faq/list.help?categoryId=844)\n    *   [네이버 서비스 연결](https://help.sell.smartstore.naver.com/faq/list.help?categoryId=847)\n    *   [가격비교 서비스 연결](https://help.sell.smartstore.naver.com/faq/list.help?categoryId=10967)\n\n*   [혜택/마케팅](https://help.sell.smartstore.naver.com/faq/content.help?faqId=14877)\n    *   [혜택 등록](https://help.sell.smartstore.naver.com/faq/list.help?categoryId=608)\n    *   [혜택 조회/수정](https://help.sell.smartstore.naver.com/faq/list.help?categoryId=663)\n    *   [혜택 리포트](https://help.sell.smartstore.naver.com/faq/list.help?categoryId=609)\n    *   [포인트 지급관리](https://help.sell.smartstore.naver.com/faq/list.help?categoryId=10864)\n    *   [포인트 지급내역 조회](https://help.sell.smartstore.naver.com/faq/list.help?categoryId=799)\n    *   [고객등급 관리](https://help.sell.smartstore.naver.com/faq/list.help?categoryId=819)\n    *   [마케팅 보내기](https://help.sell.smartstore.naver.com/faq/list.help?categoryId=918)\n    *   [마케팅 이력](https://help.sell.smartstore.naver.com/faq/list.help?categoryId=919)\n    *   [마케팅 통계](https://help.sell.smartstore.naver.com/faq/list.help?categoryId=10728)\n    *   [AI 마케팅 효과분석](https://help.sell.smartstore.naver.com/faq/list.help?categoryId=10907)\n    *   [마케팅 링크 관리](https://help.sell.smartstore.naver.com/faq/list.help?categoryId=11058)\n\n*   [브랜드 혜택/마케팅](https://help.sell.smartstore.naver.com/faq/content.help?faqId=14877)\n    *   [고객군 마케팅](https://help.sell.smartstore.naver.com/faq/list.help?categoryId=10928)\n    *   [타겟팅 성과분석](https://help.sell.smartstore.naver.com/faq/list.help?categoryId=10929)\n    *   [라운지 노출 관리](https://help.sell.smartstore.naver.com/faq/list.help?categoryId=10877)\n    *   [라운지 가입 관리](https://help.sell.smartstore.naver.com/faq/list.help?categoryId=10878)\n    *   [추가 수집 항목 관리](https://help.sell.smartstore.naver.com/faq/list.help?categoryId=10879)\n    *   [라운지 멤버 관리](https://help.sell.smartstore.naver.com/faq/list.help?categoryId=10880)\n    *   [라운지 스토리 관리](https://help.sell.smartstore.naver.com/faq/list.help?categoryId=10881)\n    *   [라운지 통계](https://help.sell.smartstore.naver.com/faq/list.help?categoryId=10993)\n\n*   [커머스솔루션](https://help.sell.smartstore.naver.com/faq/content.help?faqId=14877)\n    *   [솔루션 목록](https://help.sell.smartstore.naver.com/faq/list.help?categoryId=10768)\n    *   [소비자조사](https://help.sell.smartstore.naver.com/faq/list.help?categoryId=10900)\n    *   [Quick 모니터링 관리](https://help.sell.smartstore.naver.com/faq/list.help?categoryId=10902)\n    *   [쇼핑 커넥트](https://help.sell.smartstore.naver.com/faq/list.help?categoryId=11057)\n\n*   [데이터 분석](https://help.sell.smartstore.naver.com/faq/content.help?faqId=14877)\n    *   [프로모션 진단](https://help.sell.smartstore.naver.com/faq/list.help?categoryId=11127)\n    *   [스토어분석](https://help.sell.smartstore.naver.com/faq/list.help?categoryId=11083)\n    *   [요약](https://help.sell.smartstore.naver.com/faq/list.help?categoryId=806)\n    *   [판매분석](https://help.sell.smartstore.naver.com/faq/list.help?categoryId=807)\n    *   [마케팅분석](https://help.sell.smartstore.naver.com/faq/list.help?categoryId=808)\n    *   [쇼핑행동분석](https://help.sell.smartstore.naver.com/faq/list.help?categoryId=809)\n    *   [시장벤치마크](https://help.sell.smartstore.naver.com/faq/list.help?categoryId=810)\n    *   [판매성과예측](https://help.sell.smartstore.naver.com/faq/list.help?categoryId=871)\n    *   [고객현황](https://help.sell.smartstore.naver.com/faq/list.help?categoryId=627)\n    *   [재구매 통계](https://help.sell.smartstore.naver.com/faq/list.help?categoryId=800)\n\n*   [광고관리](https://help.sell.smartstore.naver.com/faq/content.help?faqId=14877)\n    *   [쇼핑버티컬광고](https://help.sell.smartstore.naver.com/faq/list.help?categoryId=10946)\n    *   [CRM 마케팅 타겟 광고](https://help.sell.smartstore.naver.com/faq/list.help?categoryId=11024)\n\n*   [프로모션 관리](https://help.sell.smartstore.naver.com/faq/content.help?faqId=14877)\n    *   [기획전 관리](https://help.sell.smartstore.naver.com/faq/list.help?categoryId=845)\n    *   [참여형 프로모션 관리](https://help.sell.smartstore.naver.com/faq/list.help?categoryId=11061)\n    *   [미스터](https://help.sell.smartstore.naver.com/faq/list.help?categoryId=927)\n\n*   [N배송 관리](https://help.sell.smartstore.naver.com/faq/content.help?faqId=14877)\n    *   [N배송 프로그램](https://help.sell.smartstore.naver.com/faq/list.help?categoryId=10834)\n    *   [N배송 신청하기](https://help.sell.smartstore.naver.com/faq/list.help?categoryId=1005)\n    *   [N배송 재고관리](https://help.sell.smartstore.naver.com/faq/list.help?categoryId=11054)\n    *   [N배송 입고관리](https://help.sell.smartstore.naver.com/faq/list.help?categoryId=11116)\n    *   [N배송 리포트관리](https://help.sell.smartstore.naver.com/faq/list.help?categoryId=11102)\n    *   [물류비 청구내역](https://help.sell.smartstore.naver.com/faq/list.help?categoryId=11103)\n    *   [풀필먼트 주문 조회](https://help.sell.smartstore.naver.com/faq/list.help?categoryId=10942)\n    *   [N판매자배송 신청](https://help.sell.smartstore.naver.com/faq/list.help?categoryId=10986)\n    *   [N판매자배송 운영](https://help.sell.smartstore.naver.com/faq/list.help?categoryId=10985)\n    *   [판매자 창고 운영](https://help.sell.smartstore.naver.com/faq/list.help?categoryId=10944)\n\n*   [판매자 정보](https://help.sell.smartstore.naver.com/faq/content.help?faqId=14877)\n    *   [내정보](https://help.sell.smartstore.naver.com/faq/list.help?categoryId=581)\n    *   [판매자 정보](https://help.sell.smartstore.naver.com/faq/list.help?categoryId=582)\n    *   [매니저 관리](https://help.sell.smartstore.naver.com/faq/list.help?categoryId=10727)\n    *   [판매자 등급](https://help.sell.smartstore.naver.com/faq/list.help?categoryId=611)\n    *   [정보 변경 신청](https://help.sell.smartstore.naver.com/faq/list.help?categoryId=583)\n    *   [양도양수](https://help.sell.smartstore.naver.com/faq/list.help?categoryId=922)\n    *   [사업자 전환](https://help.sell.smartstore.naver.com/faq/list.help?categoryId=584)\n    *   [상품판매권한 신청](https://help.sell.smartstore.naver.com/faq/list.help?categoryId=855)\n    *   [고객확인제도](https://help.sell.smartstore.naver.com/faq/list.help?categoryId=923)\n    *   [심사내역 조회](https://help.sell.smartstore.naver.com/faq/list.help?categoryId=10726)\n    *   [판매자 지원 프로그램](https://help.sell.smartstore.naver.com/faq/list.help?categoryId=10711)\n    *   [성장 마일리지](https://help.sell.smartstore.naver.com/faq/list.help?categoryId=11091)\n    *   [굿서비스 점수](https://help.sell.smartstore.naver.com/faq/list.help?categoryId=11125)\n\n*   [공지사항](https://help.sell.smartstore.naver.com/faq/content.help?faqId=14877)\n    *   [공지사항](https://help.sell.smartstore.naver.com/faq/list.help?categoryId=10730)\n\n*   [공통/기타](https://help.sell.smartstore.naver.com/faq/content.help?faqId=14877)\n    *   [판매자센터 기본 이용방법](https://help.sell.smartstore.naver.com/faq/list.help?categoryId=586)\n    *   [스마트스토어센터 알림](https://help.sell.smartstore.naver.com/faq/list.help?categoryId=868)\n    *   [쇼핑라이브](https://help.sell.smartstore.naver.com/faq/list.help?categoryId=883)\n    *   [사장님 보험](https://help.sell.smartstore.naver.com/faq/list.help?categoryId=933)\n    *   [스마트스토어 사업자 대출](https://help.sell.smartstore.naver.com/faq/list.help?categoryId=934)\n    *   [사업자대출 대출안심케어](https://help.sell.smartstore.naver.com/faq/list.help?categoryId=989)\n    *   [정책지원금](https://help.sell.smartstore.naver.com/faq/list.help?categoryId=10769)\n    *   [스마트플레이스 사업자 대출](https://help.sell.smartstore.naver.com/faq/list.help?categoryId=10782)\n    *   [커머스API센터](https://help.sell.smartstore.naver.com/faq/list.help?categoryId=10783)\n    *   [네이버페이 마이비즈](https://help.sell.smartstore.naver.com/faq/list.help?categoryId=10787)\n    *   [스마트스토어 보증서 대출](https://help.sell.smartstore.naver.com/faq/list.help?categoryId=10909)\n    *   [API데이터솔루션(통계)](https://help.sell.smartstore.naver.com/faq/list.help?categoryId=10943)\n    *   [안전거래 정책](https://help.sell.smartstore.naver.com/faq/list.help?categoryId=10979)\n\n*   [1:1 문의하기](https://help.sell.smartstore.naver.com/mail/form.help)\n*   [1:1 문의내역](https://help.sell.smartstore.naver.com/mail/history.help)\n*   [신고하기](https://help.sell.smartstore.naver.com/mail/form.help?alias=shopn_accuse)\n*   [원격지원서비스](http://61.247.209.91/users/main/join.html)\n\n[스마트스토어센터 _사용자 매뉴얼_](https://sell.smartstore.naver.com/#/center-notice/list/MANUAL)\n\n[좌측 내비게이션 숨기기](https://help.sell.smartstore.naver.com/faq/content.help?faqId=14877#)\n\n고객센터\n----\n\n**FAQ**\n\n[전체](https://help.sell.smartstore.naver.com/faq/content.help?faqId=14877)\n*   [전체](https://help.sell.smartstore.naver.com/faq/content.help?faqId=14877)\n*   [홈](https://help.sell.smartstore.naver.com/faq/content.help?faqId=14877)\n*   [회원가입](https://help.sell.smartstore.naver.com/faq/content.help?faqId=14877)\n*   [상품관리](https://help.sell.smartstore.naver.com/faq/content.help?faqId=14877)\n*   [쇼핑윈도관리](https://help.sell.smartstore.naver.com/faq/content.help?faqId=14877)\n*   [판매관리](https://help.sell.smartstore.naver.com/faq/content.help?faqId=14877)\n*   [정산관리](https://help.sell.smartstore.naver.com/faq/content.help?faqId=14877)\n*   [문의/리뷰관리](https://help.sell.smartstore.naver.com/faq/content.help?faqId=14877)\n*   [스토어관리](https://help.sell.smartstore.naver.com/faq/content.help?faqId=14877)\n*   [혜택/마케팅](https://help.sell.smartstore.naver.com/faq/content.help?faqId=14877)\n*   [브랜드 혜택/마케팅](https://help.sell.smartstore.naver.com/faq/content.help?faqId=14877)\n*   [커머스솔루션](https://help.sell.smartstore.naver.com/faq/content.help?faqId=14877)\n*   [데이터 분석](https://help.sell.smartstore.naver.com/faq/content.help?faqId=14877)\n*   [광고관리](https://help.sell.smartstore.naver.com/faq/content.help?faqId=14877)\n*   [프로모션 관리](https://help.sell.smartstore.naver.com/faq/content.help?faqId=14877)\n*   [N배송 관리](https://help.sell.smartstore.naver.com/faq/content.help?faqId=14877)\n*   [판매자 정보](https://help.sell.smartstore.naver.com/faq/content.help?faqId=14877)\n*   [공지사항](https://help.sell.smartstore.naver.com/faq/content.help?faqId=14877)\n*   [공통/기타](https://help.sell.smartstore.naver.com/faq/content.help?faqId=14877)\n\n검색어 입력 0/100\n\n[검색](https://help.sell.smartstore.naver.com/faq/content.help?faqId=14877#)\n\n자동완성 켜기 자동완성 끄기 닫기\n\n*   [자주 묻는 질문](https://help.sell.smartstore.naver.com/faq/content.help?faqId=14877#)\n*   [★ 메뉴 활용 방법](https://help.sell.smartstore.naver.com/faq/content.help?faqId=14877#)\n*   [2단계 인증](https://help.sell.smartstore.naver.com/faq/content.help?faqId=14877#)\n*   [가입 절차](https://help.sell.smartstore.naver.com/faq/content.help?faqId=14877#)\n*   [고객확인제도](https://help.sell.smartstore.naver.com/faq/content.help?faqId=14877#)\n*   [수수료의 종류](https://help.sell.smartstore.naver.com/faq/content.help?faqId=14877#)\n*   [상품등록](https://help.sell.smartstore.naver.com/faq/content.help?faqId=14877#)\n*   [발송처리](https://help.sell.smartstore.naver.com/faq/content.help?faqId=14877#)\n*   [자동 구매확정](https://help.sell.smartstore.naver.com/faq/content.help?faqId=14877#)\n*   [부가세신고](https://help.sell.smartstore.naver.com/faq/content.help?faqId=14877#)\n\n### 상품 등록\n\n*   [★ 상품등록 메뉴 활용방법](https://help.sell.smartstore.naver.com/faq/content.help?faqId=14877)\n*   [★ '상품 등록' 관련 자주 묻는 질문](https://help.sell.smartstore.naver.com/faq/content.help?faqId=14877)\n*   [상세설명은 어떻게 작성하나요?](https://help.sell.smartstore.naver.com/faq/content.help?faqId=14877)\n*   ['옵션'은 어떻게 등록하나요?](https://help.sell.smartstore.naver.com/faq/content.help?faqId=14877)\n*   [선택형 옵션 등록 시 '단독형' 과 '조합형'은 무엇인가요?](https://help.sell.smartstore.naver.com/faq/content.help?faqId=14877)\n*   [옵션 등록방식 중 '선택형' 과 '직접입력형'은 무엇인가요?](https://help.sell.smartstore.naver.com/faq/content.help?faqId=14877)\n*   ['옵션' 등록 시 옵션가 제한이 있나요?](https://help.sell.smartstore.naver.com/faq/content.help?faqId=14877)\n*   [등록한 상품이 '네이버쇼핑'에 노출되지 않아요. 왜 그런가요?](https://help.sell.smartstore.naver.com/faq/content.help?faqId=14877)\n*   ['추가상품'은 어떻게 등록하나요?](https://help.sell.smartstore.naver.com/faq/content.help?faqId=14877)\n*   ['네이버쇼핑'에 상품 노출은 어떻게하나요?](https://help.sell.smartstore.naver.com/faq/content.help?faqId=14877)\n*   [상품 등록 시 '이 카테고리는 등록권한이 필요합니다' 라고 노출됩니다. 어떻게 해야 하나요?](https://help.sell.smartstore.naver.com/faq/content.help?faqId=14877)\n*   [상품 등록 시 이미지 권장 사이즈 및 확장자는 어떻게 되나요?](https://help.sell.smartstore.naver.com/faq/content.help?faqId=14877)\n*   [상품 구매/리뷰 작성 시 구매자에게 Npay 포인트를 지급할 수 있나요?](https://help.sell.smartstore.naver.com/faq/content.help?faqId=14877)\n*   ['무이자 할부' 설정이란 무엇인가요?](https://help.sell.smartstore.naver.com/faq/content.help?faqId=14877)\n*   [등록한 '태그'로 검색 시 상품이 검색되지 않아요.](https://help.sell.smartstore.naver.com/faq/content.help?faqId=14877)\n*   ['Page Title , Meta description' 은 무엇인가요?](https://help.sell.smartstore.naver.com/faq/content.help?faqId=14877)\n*   ['구매수량'을 제한할 수 있나요?](https://help.sell.smartstore.naver.com/faq/content.help?faqId=14877)\n*   ['복수구매할인'은 무엇인가요?](https://help.sell.smartstore.naver.com/faq/content.help?faqId=14877)\n*   ['즉시할인'은 어떻게 설정하나요?](https://help.sell.smartstore.naver.com/faq/content.help?faqId=14877)\n*   ['임시저장' 한 상품이 삭제되었습니다. 왜그런가요?](https://help.sell.smartstore.naver.com/faq/content.help?faqId=14877)\n*   ['해외구매대행'으로 판매할 수 없는 상품은 어떤 것이 있나요?](https://help.sell.smartstore.naver.com/faq/content.help?faqId=14877)\n*   ['리뷰' 노출여부를 설정할 수 있나요?](https://help.sell.smartstore.naver.com/faq/content.help?faqId=14877)\n*   [주문이 취소/반품되면 상품의 재고수량이 복구되나요?](https://help.sell.smartstore.naver.com/faq/content.help?faqId=14877)\n*   [[쇼핑윈도 전용] 쇼핑윈도 상품은 어떻게 등록하나요?](https://help.sell.smartstore.naver.com/faq/content.help?faqId=14877)\n*   [[풀필먼트] '네이버 풀필먼트'는 어떻게 설정하나요?](https://help.sell.smartstore.naver.com/faq/content.help?faqId=14877)\n*   [상품등록 시 스마트스토어와 쇼핑윈도에 함께 노출하려면 어떻게 해야 하나요?](https://help.sell.smartstore.naver.com/faq/content.help?faqId=14877)\n*   [[쇼핑윈도 전용] 상품등록 시 '베스트' 는 무엇인가요?](https://help.sell.smartstore.naver.com/faq/content.help?faqId=14877)\n*   ['옵션 / 추가상품'도 일괄등록이 가능한가요?](https://help.sell.smartstore.naver.com/faq/content.help?faqId=14877)\n*   [옵션/추가상품 등록 시 '올바른 파일 형식이 아닙니다'로 확인됩니다. 어떻게 해야 하나요?](https://help.sell.smartstore.naver.com/faq/content.help?faqId=14877)\n*   [에누리/다나와에 상품을 어떻게 노출 시킬 수 있나요?](https://help.sell.smartstore.naver.com/faq/content.help?faqId=14877)\n*   [알림받기 동의 회원 전용상품은 무엇인가요?](https://help.sell.smartstore.naver.com/faq/content.help?faqId=14877)\n*   [상품을 등록/수정하면 '네이버쇼핑'에 언제 반영되나요?](https://help.sell.smartstore.naver.com/faq/content.help?faqId=14877)\n*   [스마트스토어와 쇼핑윈도 둘다 운영 시 이미지, 상세정보 등을 다르게 설정할 수 있나요?](https://help.sell.smartstore.naver.com/faq/content.help?faqId=14877)\n*   [[정기구독] 정기구독 상품을 그룹 설정시 유의할 점이 있나요?](https://help.sell.smartstore.naver.com/faq/content.help?faqId=14877)\n*   [[모바일 전용] SmartEditorONE(스마트에디터) 작성 후 브라우저가 정상적으로 작동하지 않아요. 어떻게 하나요?](https://help.sell.smartstore.naver.com/faq/content.help?faqId=14877)\n*   [상품등록 시 '노출 설정'은 무엇인가요?](https://help.sell.smartstore.naver.com/faq/content.help?faqId=14877)\n*   [[쇼핑윈도 전용] '윈도에 노출할 수 없는 카테고리입니다.' 라고 노출됩니다. 어떻게 해야 하나요?](https://help.sell.smartstore.naver.com/faq/content.help?faqId=14877)\n*   [[쇼핑윈도 전용] '상품등록 시 최대 8개만 베스트 설정이 가능합니다.' 라고 노출됩니다. 어떻게 해야하나요?](https://help.sell.smartstore.naver.com/faq/content.help?faqId=14877)\n*   [네이버앱(안드로이드)에서 사진 업로드가 되지 않아요.](https://help.sell.smartstore.naver.com/faq/content.help?faqId=14877)\n*   [상품등록 시 임시저장의 저장 건수가 기존과 상이합니다.](https://help.sell.smartstore.naver.com/faq/content.help?faqId=14877)\n*   [상품 임시저장은 최대 몇개까지 가능한가요?](https://help.sell.smartstore.naver.com/faq/content.help?faqId=14877)\n*   [[쇼핑윈도 전용]'결제여부'란 무엇인가요?](https://help.sell.smartstore.naver.com/faq/content.help?faqId=14877)\n*   [상품의 '배송' 정보는 어떻게 등록하나요?](https://help.sell.smartstore.naver.com/faq/content.help?faqId=14877)\n*   [상품등록 시 제한되는 특수문자는 무엇인가요?](https://help.sell.smartstore.naver.com/faq/content.help?faqId=14877)\n*   [즉시할인 설정시 수수료 적용기준은 판매가인가요?](https://help.sell.smartstore.naver.com/faq/content.help?faqId=14877)\n*   [상품등록 시 미리보기가 되지 않아요.](https://help.sell.smartstore.naver.com/faq/content.help?faqId=14877)\n*   [[쇼핑윈도 전용] 쇼핑윈도,스마트스토어 채널에 동시 노출하게 하려면 상품은 어떤 서비스 기준으로 등록해야 하나요?](https://help.sell.smartstore.naver.com/faq/content.help?faqId=14877)\n*   [[쇼핑윈도 전용] 쇼핑윈도에만 상품 노출 가능한가요?](https://help.sell.smartstore.naver.com/faq/content.help?faqId=14877)\n*   [태그는 직접입력형으로 몇개까지 설정 가능한가요?](https://help.sell.smartstore.naver.com/faq/content.help?faqId=14877)\n*   [홍보문구는 어디에서 입력하나요?](https://help.sell.smartstore.naver.com/faq/content.help?faqId=14877)\n*   [스마트스토어전용 상품명 사용, 쇼핑윈도전용 상품명 사용은 무엇인가요?](https://help.sell.smartstore.naver.com/faq/content.help?faqId=14877)\n*   [모바일에서 상품등록 시 사진이 복수로 선택되지 않아요.](https://help.sell.smartstore.naver.com/faq/content.help?faqId=14877)\n*   [브랜드/카탈로그/제조사를 입력했는데, 네이버 쇼핑 검색결과에 상품이 노출되지 않아요.](https://help.sell.smartstore.naver.com/faq/content.help?faqId=14877)\n*   [지역별 추가 배송비의 2권역, 3권역이 무엇인가요?](https://help.sell.smartstore.naver.com/faq/content.help?faqId=14877)\n*   [상품저장 시 '상세정보 항목이 유효하지 않습니다'로 노출돼요.](https://help.sell.smartstore.naver.com/faq/content.help?faqId=14877)\n*   [[쇼핑윈도/패션타운] 쇼핑윈도 상품검수 가이드는 어디서 확인하나요?](https://help.sell.smartstore.naver.com/faq/content.help?faqId=14877)\n*   ['어린이제품 공급자 적합성 확인' 항목을 선택할 때 인증정보를 어떻게 기재해야 하나요?](https://help.sell.smartstore.naver.com/faq/content.help?faqId=14877)\n*   [HTML 입력 후 SmartEditorONE(스마트에디터)으로 변환이 가능한가요?](https://help.sell.smartstore.naver.com/faq/content.help?faqId=14877)\n*   [KC인증이 필요한 상품인데 인증번호 없이 판매하고 있습니다. 어떻게 해야 하나요?](https://help.sell.smartstore.naver.com/faq/content.help?faqId=14877)\n*   [KC인증 > KC 인증대상 > 인증선택에 \"필수 정보입니다.\"라고 나와요. 어떻게 하나요?](https://help.sell.smartstore.naver.com/faq/content.help?faqId=14877)\n*   [어린이제품인증 > 어린이제품 인증대상 > 인증선택에 \"필수 정보입니다.\"라고 나와요. 어떻게 하나요?](https://help.sell.smartstore.naver.com/faq/content.help?faqId=14877)\n*   [친환경인증 > 친환경 인증대상 > 인증선택에 \"필수 정보입니다.\"라고 나와요. 어떻게 하나요?](https://help.sell.smartstore.naver.com/faq/content.help?faqId=14877)\n*   [해외구매대행 상품으로 이전에는 KC인증 없이 상품판매를 했는데, 현재는 KC인증을 받아야 한다고 노출돼요.](https://help.sell.smartstore.naver.com/faq/content.help?faqId=14877)\n*   [대행사에서 상품명 수정하였으나 스마트스토어에는 변경 전 상품명으로 노출돼요.](https://help.sell.smartstore.naver.com/faq/content.help?faqId=14877)\n*   [네이버쇼핑에 '해외' 아이콘을 노출하고 싶어요.](https://help.sell.smartstore.naver.com/faq/content.help?faqId=14877)\n*   [스마트스토어에서 취급 불가한 상품이 있나요?](https://help.sell.smartstore.naver.com/faq/content.help?faqId=14877)\n*   [HTML 영역에 외부링크를 등록할 수 있나요?](https://help.sell.smartstore.naver.com/faq/content.help?faqId=14877)\n*   [상품 저장 시 '정상적으로 스마트에디터로 작성하지 않았습니다.'라는 얼럿이 노출됩니다.](https://help.sell.smartstore.naver.com/faq/content.help?faqId=14877)\n*   [상품의 대표이미지를 수정하였으나, 네이버쇼핑 내 썸네일 이미지가 반영되지 않아요.](https://help.sell.smartstore.naver.com/faq/content.help?faqId=14877)\n*   [​양도양수 시 임시저장한 상품도 모두 양도양수가 되나요?](https://help.sell.smartstore.naver.com/faq/content.help?faqId=14877)\n*   [임시저장된 상품은 모바일/PC에서 모두 확인가능한가요?](https://help.sell.smartstore.naver.com/faq/content.help?faqId=14877)\n*   [최소구매수량 입력하니 \"최소 2개 이상 입력해 주세요\"라고 노출돼요](https://help.sell.smartstore.naver.com/faq/content.help?faqId=14877)\n*   [[해외 판매자 전용] 건강기능식품 판매 가능한가요?](https://help.sell.smartstore.naver.com/faq/content.help?faqId=14877)\n*   [움직이는 이미지(gif) 등록 가능한가요?](https://help.sell.smartstore.naver.com/faq/content.help?faqId=14877)\n*   [상품 상세 작성 시 '직접 작성'과 'HTML 작성'의 차이가 무엇인가요?](https://help.sell.smartstore.naver.com/faq/content.help?faqId=14877)\n*   [HTML 소스 입력 시 '알수 없는 오류가 발생되었습니다.\"로 노출돼요.](https://help.sell.smartstore.naver.com/faq/content.help?faqId=14877)\n*   [상품정보 제공고시가 무엇인가요?](https://help.sell.smartstore.naver.com/faq/content.help?faqId=14877)\n*   [A/S 전화번호 항목은 어떻게 입력해야 하나요?](https://help.sell.smartstore.naver.com/faq/content.help?faqId=14877)\n*   [상품 주요정보는 무엇인가요?](https://help.sell.smartstore.naver.com/faq/content.help?faqId=14877)\n*   [구매/리뷰 혜택 조건 입력 시 유의사항이 있나요?](https://help.sell.smartstore.naver.com/faq/content.help?faqId=14877)\n*   [검색설정 등록 시 유의사항을 알려주세요](https://help.sell.smartstore.naver.com/faq/content.help?faqId=14877)\n*   [판매자 특이사항엔 어떤 내용을 기재해야 하나요?](https://help.sell.smartstore.naver.com/faq/content.help?faqId=14877)\n*   [상품 등록 시 카테고리는 어떻게 설정해야 하나요?](https://help.sell.smartstore.naver.com/faq/content.help?faqId=14877)\n*   [Npay 포인트 설정 한도는 얼마까지 가능한가요?](https://help.sell.smartstore.naver.com/faq/content.help?faqId=14877)\n*   [검색설정의 Page Title / Meta description은 무엇인가요?](https://help.sell.smartstore.naver.com/faq/content.help?faqId=14877)\n*   [임시저장 활용 가이드](https://help.sell.smartstore.naver.com/faq/content.help?faqId=14877)\n*   [구매대행 상품이 아니나, '이 카테고리는 등록권한이 필요합니다'로 노출돼요.](https://help.sell.smartstore.naver.com/faq/content.help?faqId=14877)\n*   [택/케어라벨 이미지는 어떤 이미지를 등록해야 하나요?](https://help.sell.smartstore.naver.com/faq/content.help?faqId=14877)\n*   [택 이미지 분석이 되지 않았어요.](https://help.sell.smartstore.naver.com/faq/content.help?faqId=14877)\n*   [상품을 쇼핑윈도 페이지만 노출 시킬 수 있나요?](https://help.sell.smartstore.naver.com/faq/content.help?faqId=14877)\n*   [상품 상세페이지가 정상적으로 노출되지 않아요.](https://help.sell.smartstore.naver.com/faq/content.help?faqId=14877)\n*   [상품의 대표이미지, 추가이미지를 gif로 등록했는데 움직이지 않아요.](https://help.sell.smartstore.naver.com/faq/content.help?faqId=14877)\n*   [인증정보를 입력했는데도 계속 인증 정보를 등록하라는 메시지가 나와요.](https://help.sell.smartstore.naver.com/faq/content.help?faqId=14877)\n*   [상품 등록/수정 시 일부 항목이 보이지 않아요.](https://help.sell.smartstore.naver.com/faq/content.help?faqId=14877)\n*   [상품상세 페이지에서 리뷰 영역을 안나오게 설정 할 수 있나요?](https://help.sell.smartstore.naver.com/faq/content.help?faqId=14877)\n*   [오늘출발은 어떻게 등록하나요?](https://help.sell.smartstore.naver.com/faq/content.help?faqId=14877)\n*   [오늘출발 설정 시 주의할 점이 있나요?](https://help.sell.smartstore.naver.com/faq/content.help?faqId=14877)\n*   [일부 옵션만 오늘출발로 설정하고 싶으면 어떻게 등록하나요?](https://help.sell.smartstore.naver.com/faq/content.help?faqId=14877)\n*   [상품별로 오늘출발 기준시간을 설정할 수 있나요?](https://help.sell.smartstore.naver.com/faq/content.help?faqId=14877)\n*   [오늘출발로 설정한 상품의 주문 건이 오늘출발로 표시되지 않습니다.](https://help.sell.smartstore.naver.com/faq/content.help?faqId=14877)\n*   [상품 일괄등록으로 오늘출발 상품을 등록할 수 있나요?](https://help.sell.smartstore.naver.com/faq/content.help?faqId=14877)\n*   [오늘출발 가능 옵션 설정이 체크되지 않아요. 왜 그런가요?](https://help.sell.smartstore.naver.com/faq/content.help?faqId=14877)\n*   [청약철회(반품/교환) 시 주의해야할 사항이 있나요?](https://help.sell.smartstore.naver.com/faq/content.help?faqId=14877)\n*   [상품명 등록 기준을 알고 싶어요](https://help.sell.smartstore.naver.com/faq/content.help?faqId=14877)\n*   ['옵션' 등록 시 글자수에 제한이 있나요?](https://help.sell.smartstore.naver.com/faq/content.help?faqId=14877)\n*   [브랜드는 왜 입력해야 하나요?](https://help.sell.smartstore.naver.com/faq/content.help?faqId=14877)\n*   [모델명은 어떻게 등록하고 수정하나요?](https://help.sell.smartstore.naver.com/faq/content.help?faqId=14877)\n*   [개인통관고유부호 설정은 어떻게 하나요?](https://help.sell.smartstore.naver.com/faq/content.help?faqId=14877)\n*   [맞춤제작 상품은 어떻게 등록하나요?](https://help.sell.smartstore.naver.com/faq/content.help?faqId=14877)\n*   [상품 일괄등록으로 맞춤제작 상품을 등록할 수 있나요?](https://help.sell.smartstore.naver.com/faq/content.help?faqId=14877)\n*   [맞춤제작 상품으로 설정 시 주의할 점이 무엇인가요?](https://help.sell.smartstore.naver.com/faq/content.help?faqId=14877)\n*   [주문확인 후 제작 상품등록 시 발송예정일을 직접입력 할 수 없나요?](https://help.sell.smartstore.naver.com/faq/content.help?faqId=14877)\n*   [취급하는 상품이 전안법 대상인지 확인할 수 있나요?](https://help.sell.smartstore.naver.com/faq/content.help?faqId=14877)\n*   [해외구매대행 상품의 경우 KC인증정보는 어떻게 기재하나요?](https://help.sell.smartstore.naver.com/faq/content.help?faqId=14877)\n*   [어린이 제품은 전안법 대상인가요?](https://help.sell.smartstore.naver.com/faq/content.help?faqId=14877)\n*   [상품 상세설명에 KC인증에 대한 정보가 있는데, 상품 등록 시 별도로 등록해야 하나요?](https://help.sell.smartstore.naver.com/faq/content.help?faqId=14877)\n*   [의류, 접속성 금속장신구(악세사리)도 인증대상인가요?](https://help.sell.smartstore.naver.com/faq/content.help?faqId=14877)\n*   [기존 상품을 수정하려고 하니 안전기준준수대상 카테고리로 노출됩니다, 인증정보를 입력해야하나요?](https://help.sell.smartstore.naver.com/faq/content.help?faqId=14877)\n*   [KC 인증대상아님으로 등록한 상품입니다. 어떻게 해야 하나요?](https://help.sell.smartstore.naver.com/faq/content.help?faqId=14877)\n*   [인증대상을 언제까지 입력해야 하나요? 수정하지 않으면 제재가 있나요?](https://help.sell.smartstore.naver.com/faq/content.help?faqId=14877)\n*   [상품등록 시 안전기준준수대상 카테고리로 노출됩니다. 인증정보를 입력해야 하나요?](https://help.sell.smartstore.naver.com/faq/content.help?faqId=14877)\n*   [병행수입/구매대행상품입니다. 기존상품을 수정해야 하나요?](https://help.sell.smartstore.naver.com/faq/content.help?faqId=14877)\n*   [어린이제품 카테고리에 상품을 등록하는데. KC인증도 함께 등록해야 하나요?](https://help.sell.smartstore.naver.com/faq/content.help?faqId=14877)\n*   ['색상/사이즈 간편 입력'이 무엇인가요?](https://help.sell.smartstore.naver.com/faq/content.help?faqId=14877)\n*   [옵션 '재고수량 관리하기'는 무엇인가요?](https://help.sell.smartstore.naver.com/faq/content.help?faqId=14877)\n*   [배송비는 최대 얼마까지 입력 가능한가요?](https://help.sell.smartstore.naver.com/faq/content.help?faqId=14877)\n*   [SmartEditorONE(스마트에디터) 이미지 등록 시 제한사항이 있나요?](https://help.sell.smartstore.naver.com/faq/content.help?faqId=14877)\n*   [오늘출발 휴무일 설정 방법이 무엇인가요?](https://help.sell.smartstore.naver.com/faq/content.help?faqId=14877)\n*   [오늘출발 가능수량은 어떻게 되나요?](https://help.sell.smartstore.naver.com/faq/content.help?faqId=14877)\n*   [오늘출발 가능수량을 설정한 상품은 어떻게 조회하나요? (품절/임박 포함)](https://help.sell.smartstore.naver.com/faq/content.help?faqId=14877)\n*   [KC인증은 어떻게 등록하나요?](https://help.sell.smartstore.naver.com/faq/content.help?faqId=14877)\n*   [동영상 등록기준은 무엇인가요?](https://help.sell.smartstore.naver.com/faq/content.help?faqId=14877)\n*   [[아트윈도 전용] 작가 페이지에 상품이 노출되지 않아요.](https://help.sell.smartstore.naver.com/faq/content.help?faqId=14877)\n*   [\"도서\" 상품 등록 시 주의사항이 있을까요?](https://help.sell.smartstore.naver.com/faq/content.help?faqId=14877)\n*   [SmartEditorONE(스마트에디터) 컴포넌트 중 텍스트.사진 편집 기능이 있나요?](https://help.sell.smartstore.naver.com/faq/content.help?faqId=14877)\n*   [희망일배송이 무엇인가요?](https://help.sell.smartstore.naver.com/faq/content.help?faqId=14877)\n*   [희망일배송은 어떻게 등록하나요?](https://help.sell.smartstore.naver.com/faq/content.help?faqId=14877)\n*   [희망일배송은 묶음배송이 불가한가요?](https://help.sell.smartstore.naver.com/faq/content.help?faqId=14877)\n*   [희망일배송은 지역별 차등 배송비를 입력할 수 없나요?](https://help.sell.smartstore.naver.com/faq/content.help?faqId=14877)\n*   [희망일 배송그룹에서 배송휴무일 설정 시 격주는 설정 할 수 없나요?](https://help.sell.smartstore.naver.com/faq/content.help?faqId=14877)\n*   [배송속성을 '희망일배송'->'일반배송/오늘출발'로 바꿀 수 있나요?](https://help.sell.smartstore.naver.com/faq/content.help?faqId=14877)\n*   [예약구매 등록 방법을 알고 싶어요.](https://help.sell.smartstore.naver.com/faq/content.help?faqId=14877)\n*   [예약구매란 무엇인가요?](https://help.sell.smartstore.naver.com/faq/content.help?faqId=14877)\n*   [예약구매를 등록할 수 있는 조건이 있나요?](https://help.sell.smartstore.naver.com/faq/content.help?faqId=14877)\n*   [예약구매+주문확인 후 제작 상품으로 등록하려는데, 주문확인 후 제작의 발송예정일을 설정할 수 없습니다.](https://help.sell.smartstore.naver.com/faq/content.help?faqId=14877)\n*   [예약구매 상품상세에 배송기간이 보이지 않아요.](https://help.sell.smartstore.naver.com/faq/content.help?faqId=14877)\n*   [예약구매 상품 등록 후 씨앗 등급으로 변경되었습니다. 이미 등록한 상품은 어떻게 되나요?](https://help.sell.smartstore.naver.com/faq/content.help?faqId=14877)\n*   [예약구매 상품 등록 시 유의사항이 있나요?](https://help.sell.smartstore.naver.com/faq/content.help?faqId=14877)\n*   [예약구매 최소주문수량은 무엇인가요?](https://help.sell.smartstore.naver.com/faq/content.help?faqId=14877)\n*   [예약구매 설정을 변경하고 싶어요.](https://help.sell.smartstore.naver.com/faq/content.help?faqId=14877)\n*   [예약구매 주문종료 후 재판매 가능한가요?](https://help.sell.smartstore.naver.com/faq/content.help?faqId=14877)\n*   [예약구매 최소주문수량에 미달하면 주문 건 처리는 어떻게 해야하나요?](https://help.sell.smartstore.naver.com/faq/content.help?faqId=14877)\n*   [판매가 입력 시 제한이 있나요?](https://help.sell.smartstore.naver.com/faq/content.help?faqId=14877)\n*   [포인트 설정 시 포토/동영상 리뷰 설정이 안돼요.](https://help.sell.smartstore.naver.com/faq/content.help?faqId=14877)\n*   [조합형 옵션을 사용중이며 옵션별 오늘출발 가능을 설정했으나 옵션 설정 내역이 반영되지 않았어요.](https://help.sell.smartstore.naver.com/faq/content.help?faqId=14877)\n*   [상품의 대표이미지를 동영상으로 등록할 수 있나요?](https://help.sell.smartstore.naver.com/faq/content.help?faqId=14877)\n*   [HTML 등록 시 오류메세지가 뜹니다. 어떻게 해야 하나요?](https://help.sell.smartstore.naver.com/faq/content.help?faqId=14877)\n*   [SmartEditorONE(스마트에디터)에서 HTML 변환 시 특정 이미지만 작게 노출됩니다. 왜 그런가요?](https://help.sell.smartstore.naver.com/faq/content.help?faqId=14877)\n*   [구매/혜택 조건을 설정하였으나, 구매자에게 포인트가 지급되지 않았어요.](https://help.sell.smartstore.naver.com/faq/content.help?faqId=14877)\n*   [상품등록 또는 상품수정 시 임시저장 버튼이 노출되지 않아요.](https://help.sell.smartstore.naver.com/faq/content.help?faqId=14877)\n*   [SmartEditorONE(스마트에디터)로 작성 후 저장 버튼이 노출되지 않아요.](https://help.sell.smartstore.naver.com/faq/content.help?faqId=14877)\n*   [SmartEditorONE(스마트에디터)에서 동영상 등록 시 사이즈가 작게 노출됩니다. 왜 그런가요?](https://help.sell.smartstore.naver.com/faq/content.help?faqId=14877)\n*   [SmartEditorONE(스마트에디터)에서 이미지 링크를 넣을 경우 크기 기준은 어떻게 되나요?](https://help.sell.smartstore.naver.com/faq/content.help?faqId=14877)\n*   [상품 등록/수정 시 브랜드 인증 권한이 없다고 노출됩니다.](https://help.sell.smartstore.naver.com/faq/content.help?faqId=14877)\n*   [스마트에디터 ONE으로 이미지태그 방법](https://help.sell.smartstore.naver.com/faq/content.help?faqId=14877)\n*   [스마트에디터 ONE 관련 자주 묻는 질문](https://help.sell.smartstore.naver.com/faq/content.help?faqId=14877)\n*   [스마트에디터 ONE에서 사진 업로드 시 \"일시적으로 파일전송을 사용할 수 없습니다.\" 오류가 노출됩니다. 어떻게 해야 하나요?](https://help.sell.smartstore.naver.com/faq/content.help?faqId=14877)\n*   [검색설정 등록 시 요즘 뜨는 HOT 태그가 노출되지 않아요. 왜 그런가요?](https://help.sell.smartstore.naver.com/faq/content.help?faqId=14877)\n*   ['1인 구매 최대 구매수량'을 설정한 경우, 설정완료일 이후부터 수량 집계되나요?](https://help.sell.smartstore.naver.com/faq/content.help?faqId=14877)\n*   [원산지 입력했으나 페이지에 노출되지 않아요.](https://help.sell.smartstore.naver.com/faq/content.help?faqId=14877)\n*   [KC 인증 > '제품 인증정보 확인'버튼 클릭 시 인증정보가 존재하지 않는다고 합니다.](https://help.sell.smartstore.naver.com/faq/content.help?faqId=14877)\n*   [스마트에디터 ONE에서 '장소' 이용 시 입력한 주소가 검색되지 않습니다.](https://help.sell.smartstore.naver.com/faq/content.help?faqId=14877)\n*   [원산지 등록 시 '원산지 다른 상품 함께 등록'은 무엇인가요?](https://help.sell.smartstore.naver.com/faq/content.help?faqId=14877)\n*   [판매자 상품코드로 검색 시 해당 상품 조회되지 않습니다.](https://help.sell.smartstore.naver.com/faq/content.help?faqId=14877)\n*   [\"옵션가\" 등록 시 주의사항이 있을까요?](https://help.sell.smartstore.naver.com/faq/content.help?faqId=14877)\n*   [오늘출발 설정 후 아이콘은 어떻게 노출 되나요?](https://help.sell.smartstore.naver.com/faq/content.help?faqId=14877)\n*   [상품 등록 시 '작업 중 오류가 발생하였습니다.'라는 알림창이 노출됩니다.](https://help.sell.smartstore.naver.com/faq/content.help?faqId=14877)\n*   [상품 상세페이지 상단 블로그, 카페, 저장, 공유하기 버튼이 노출되지 않습니다.](https://help.sell.smartstore.naver.com/faq/content.help?faqId=14877)\n*   [\"도서\" 정가제 미적용 상품인데 어떻게 등록해야 하나요?](https://help.sell.smartstore.naver.com/faq/content.help?faqId=14877)\n*   [SmartEditorONE(스마트에디터)에서 '내 템플릿' 삭제는 어떻게 하나요?](https://help.sell.smartstore.naver.com/faq/content.help?faqId=14877)\n*   [원산지 등록 기준이 어떻게 되나요?](https://help.sell.smartstore.naver.com/faq/content.help?faqId=14877)\n*   [태그 등록 시 태그명 옆 번호는 왜 노출되나요?](https://help.sell.smartstore.naver.com/faq/content.help?faqId=14877)\n*   [예약구매 등록 시 현재 주문수량 및 준비수량을 미노출하고 싶습니다. 어떻게 해야 하나요?](https://help.sell.smartstore.naver.com/faq/content.help?faqId=14877)\n*   ['1인 구매 최대 수량'을 설정했는데 설정한 수량보다 추가 결제되었습니다. 왜 그런가요?](https://help.sell.smartstore.naver.com/faq/content.help?faqId=14877)\n*   [KC인증 항목 내 인증명칭이 없을 경우 상세설명에 기재해도 괜찮은가요?](https://help.sell.smartstore.naver.com/faq/content.help?faqId=14877)\n*   [상품 등록 시 '제조사/카탈로그/제조일자를 입력해주세요.'라고 문구가 노출됩니다.](https://help.sell.smartstore.naver.com/faq/content.help?faqId=14877)\n*   [선결제 상품인데 '착불/판매자와 사전협의'문구가 노출됩니다. 왜그런가요?](https://help.sell.smartstore.naver.com/faq/content.help?faqId=14877)\n*   [비실물 서비스 이용권 상품 판매 시 유의할 사항이 있나요?](https://help.sell.smartstore.naver.com/faq/content.help?faqId=14877)\n*   [예약구매 주문기간(시작일) 이전에는 판매가 불가한가요?](https://help.sell.smartstore.naver.com/faq/content.help?faqId=14877)\n*   [상품등록중 미리보기 시 다른 정보가 노출되거나, 기능이 활성화되지 않습니다. 왜 그런가요?](https://help.sell.smartstore.naver.com/faq/content.help?faqId=14877)\n*   [구매/혜택 조건 중 상품 구매 시 포인트 지급 기준은 어떻게 되나요?](https://help.sell.smartstore.naver.com/faq/content.help?faqId=14877)\n*   [상품상세페이지 상하단에 \"도서\" 정보를 노출하고 싶어요.](https://help.sell.smartstore.naver.com/faq/content.help?faqId=14877)\n*   [태그 설정은 어디서 하나요?](https://help.sell.smartstore.naver.com/faq/content.help?faqId=14877)\n*   [네이버쇼핑에서 '오늘출발'아이콘이 노출되지 않습니다. 왜 그런가요?](https://help.sell.smartstore.naver.com/faq/content.help?faqId=14877)\n*   [SmartEditorONE(스마트에디터)에서 레이아웃 '편집'을 통해 이미지 크기를 변경하였으나, 적용되지 않습니다.](https://help.sell.smartstore.naver.com/faq/content.help?faqId=14877)\n*   [[풀필먼트] 상품에 풀필먼트를 설정하면 어떤 점이 좋나요?](https://help.sell.smartstore.naver.com/faq/content.help?faqId=14877)\n*   [[풀필먼트] 단독형 옵션은 풀필먼트를 설정 할 수 없나요?](https://help.sell.smartstore.naver.com/faq/content.help?faqId=14877)\n*   [[풀필먼트] 추가상품 등록 시 유의사항](https://help.sell.smartstore.naver.com/faq/content.help?faqId=14877)\n*   [[풀필먼트] 반품/교환지를 꼭 물류사 주소지로 해야하나요?](https://help.sell.smartstore.naver.com/faq/content.help?faqId=14877)\n*   [고객이 리뷰 작성 시 제공받는 포인트는 중복 지급이 가능한가요?](https://help.sell.smartstore.naver.com/faq/content.help?faqId=14877)\n*   [상품 대표이미지 확대 기능 소개](https://help.sell.smartstore.naver.com/faq/content.help?faqId=14877)\n*   [반품/교환 택배사 설정 시 보조 반품택배사가 기본값으로 노출되도록 설정 가능한가요?](https://help.sell.smartstore.naver.com/faq/content.help?faqId=14877)\n*   [gif 이미지가 일부만 노출됩니다. 왜 그런가요?](https://help.sell.smartstore.naver.com/faq/content.help?faqId=14877)\n*   ['특별 추가구매적립' 기준이 어떻게 되나요?](https://help.sell.smartstore.naver.com/faq/content.help?faqId=14877)\n*   [상품 등록 시 로그아웃이 진행되며, 재로그인 시 보안문자를 입력하도록 노출됩니다. 왜 그런가요?](https://help.sell.smartstore.naver.com/faq/content.help?faqId=14877)\n*   [SmartEditorONE(스마트에디터)에서 추가한 템플릿이 다른 아이디로 접속 시 공유되지 않습니다.](https://help.sell.smartstore.naver.com/faq/content.help?faqId=14877)\n*   [결제한도가 존재하는 카테고리가 있나요?](https://help.sell.smartstore.naver.com/faq/content.help?faqId=14877)\n*   [상품 등록 시 '택배,소포,등기'를 선택하면 택배사 항목이 노출됩니다. 필수로 설정해야 하나요?](https://help.sell.smartstore.naver.com/faq/content.help?faqId=14877)\n*   [상품 등록 시 설정한 택배사와 발송처리 택배사가 동일해야 하나요?](https://help.sell.smartstore.naver.com/faq/content.help?faqId=14877)\n*   [상품등록 시 설정한 택배사는 어디에 노출되나요?](https://help.sell.smartstore.naver.com/faq/content.help?faqId=14877)\n*   [상품 구매 시 지급받을 수 있는 포인트는 최대 얼마인가요?](https://help.sell.smartstore.naver.com/faq/content.help?faqId=14877)\n*   [상품상세 페이지 리뷰 영역에 옵션 필터가 노출 되는 조건은 무엇인가요?](https://help.sell.smartstore.naver.com/faq/content.help?faqId=14877)\n*   [조합형 옵션 사용여부를 N으로 설정했는데 옵션필터에 노출됩니다.](https://help.sell.smartstore.naver.com/faq/content.help?faqId=14877)\n*   [상품 상세페이지 내 사은품 이미지는 어떻게 등록하나요?](https://help.sell.smartstore.naver.com/faq/content.help?faqId=14877)\n*   [구매/혜택 내 사은품 이미지 등록 시 어디에 노출되나요?](https://help.sell.smartstore.naver.com/faq/content.help?faqId=14877)\n*   [상품 등록 시 '설정된 상품속성 단위가 유효하지 않습니다.' 라고 노출됩니다. 어떻게 해야 하나요?](https://help.sell.smartstore.naver.com/faq/content.help?faqId=14877)\n*   [상품 상세 작성 시 이미지 레이아웃 설정(콜라주,슬라이드)은 어떻게 하나요?](https://help.sell.smartstore.naver.com/faq/content.help?faqId=14877)\n*   [스마트스토어 앱(iOS) 이용중 사진보관함에서 사진 선택 시 이미지 불러오기 실패가 발생돼요.](https://help.sell.smartstore.naver.com/faq/content.help?faqId=14877)\n*   [상품상세에 상품링크 연결 시 다른 스토어의 링크를 연결해도 가능한가요?](https://help.sell.smartstore.naver.com/faq/content.help?faqId=14877)\n*   [[풀필먼트] 상품 내 풀필먼트 설정하였으나 풀필먼트 사용 중 API 연동 오류가 발생되어 출고처리가 되지 않았어요](https://help.sell.smartstore.naver.com/faq/content.help?faqId=14877)\n*   [해외 수입 '향수' 상품의 판매자격과 상품 기준을 강화하는 이유는 무엇인가요?](https://help.sell.smartstore.naver.com/faq/content.help?faqId=14877)\n*   [[풀필먼트] 풀필먼트 상품 등록 시 제한되는 것이 있나요?](https://help.sell.smartstore.naver.com/faq/content.help?faqId=14877)\n*   [[풀필먼트] 물류사에 따라 제한되는 것이 있나요?](https://help.sell.smartstore.naver.com/faq/content.help?faqId=14877)\n*   [[풀필먼트] 풀필먼트 상품 등록 시 묶음배송 유의 사항](https://help.sell.smartstore.naver.com/faq/content.help?faqId=14877)\n*   [[풀필먼트] 풀필먼트 상품은 출고지를 선택할 수 없나요?](https://help.sell.smartstore.naver.com/faq/content.help?faqId=14877)\n*   [[풀필먼트] 오늘출발 상품 등록 시 주의해야 할 사항이 있나요?](https://help.sell.smartstore.naver.com/faq/content.help?faqId=14877)\n*   [[풀필먼트] N배송 상품 등록 시 주의해야 할 사항이 있나요?](https://help.sell.smartstore.naver.com/faq/content.help?faqId=14877)\n*   [렌탈상품은 어떻게 등록할 수 있나요?](https://help.sell.smartstore.naver.com/faq/content.help?faqId=14877)\n*   [[쇼핑라이브 숏클립] 상품 대표이미지 영역에 숏클립을 노출하려면 어떻게 해야 하나요?](https://help.sell.smartstore.naver.com/faq/content.help?faqId=14877)\n*   [유아 도서 카테고리 ISBN 검사 시 '유효하지 않는 값입니다.'라고 확인됩니다.](https://help.sell.smartstore.naver.com/faq/content.help?faqId=14877)\n*   [상품 일괄등록으로 '택배사코드'를 입력했는데 '택배사를 필수로 입력해야 합니다.'문구가 확인됩니다.](https://help.sell.smartstore.naver.com/faq/content.help?faqId=14877)\n*   [상품 상세페이지 내 '영수증발급' 항목을 직접 입력할 수 있나요?](https://help.sell.smartstore.naver.com/faq/content.help?faqId=14877)\n*   [[쇼핑라이브 숏클립] 라이브 숏클립 설정 시, 숏클립 상태가 유효하지 않다고 나옵니다. 왜 그런가요?](https://help.sell.smartstore.naver.com/faq/content.help?faqId=14877)\n*   [[쇼핑라이브 숏클립] 상품에 노출할 숏클립을 설정하였으나, 상품 대표이미지에 반영되지 않습니다. 왜 그런가요?](https://help.sell.smartstore.naver.com/faq/content.help?faqId=14877)\n*   [[쇼핑라이브 숏클립] 상품에 노출할 숏클립의 정보 수정(공개 여부 / 숏클립에 소개할 상품 수정)은 어떻게 하나요?](https://help.sell.smartstore.naver.com/faq/content.help?faqId=14877)\n*   [[쇼핑라이브 숏클립] 대표이미지 내 '숏클립 보기'를 통해 유입 및 결제될 경우 수수료는 어떻게 부과되나요?](https://help.sell.smartstore.naver.com/faq/content.help?faqId=14877)\n*   [[라운지(브랜드스토어 전용)] 라운지 전용상품의 '상품정보 공개용'과 '상품정보 미공개용'의 차이는 무엇인가요?](https://help.sell.smartstore.naver.com/faq/content.help?faqId=14877)\n*   [[라운지(브랜드스토어 전용)] 라운지 전용 상품 구매 시 라운지 전용 상품 여부, 라운지 멤버 여부를 판단하는 시점은 어떻게 되나요?](https://help.sell.smartstore.naver.com/faq/content.help?faqId=14877)\n*   [[라운지(브랜드스토어 전용)] 라운지 전용 상품과 알림받기 전용 상품을 동시에 설정할 수 있나요?](https://help.sell.smartstore.naver.com/faq/content.help?faqId=14877)\n*   [상품 상세설명 등록 시 용량 제한이 있나요?](https://help.sell.smartstore.naver.com/faq/content.help?faqId=14877)\n*   [상품 상세페이지에 설명이 다 보이지 않아요.](https://help.sell.smartstore.naver.com/faq/content.help?faqId=14877)\n*   [[네이버쇼핑] 브랜드, 제조사 등록은 어떻게 하나요?](https://help.sell.smartstore.naver.com/faq/content.help?faqId=14877)\n*   [출시일 정책 안내](https://help.sell.smartstore.naver.com/faq/content.help?faqId=14877)\n*   [상품명에 '원산지 정보'가 표기됩니다. 왜 그런가요?](https://help.sell.smartstore.naver.com/faq/content.help?faqId=14877)\n*   [제조사는 왜 입력해야 하나요?](https://help.sell.smartstore.naver.com/faq/content.help?faqId=14877)\n*   [N배송 상품 묶음배송 설정 시 유의사항](https://help.sell.smartstore.naver.com/faq/content.help?faqId=14877)\n*   [SmartEditorONE(스마트에디터)에서 등록한 폰트의 크기가 다릅니다. 왜 그런가요?](https://help.sell.smartstore.naver.com/faq/content.help?faqId=14877)\n*   [[네이버쇼핑] 브랜드 제조사 등록 요청 했으나 기준에 맞지 않아 등록이 거부되었어요.](https://help.sell.smartstore.naver.com/faq/content.help?faqId=14877)\n*   [모델명을 '카탈로그로 입력'으로 하고 싶은데, 원하는 카탈로그가 검색되지 않아요.](https://help.sell.smartstore.naver.com/faq/content.help?faqId=14877)\n*   [상품 상세페이지에 \"함께 구매하고 배송비 절약해보세요\" 노출 기준은 어떻게 되나요?](https://help.sell.smartstore.naver.com/faq/content.help?faqId=14877)\n*   [전통주 상품 등록 시 유의사항이 있나요?](https://help.sell.smartstore.naver.com/faq/content.help?faqId=14877)\n*   [스토어 가입 승인 완료 후, \"현재 운영되고 있지 않습니다.\"라고 노출됩니다.](https://help.sell.smartstore.naver.com/faq/content.help?faqId=14877)\n*   [구매/혜택 조건 중 상품구매 시 포인트 지급의 '특별 추가구매적립' 기준을 알려주세요.](https://help.sell.smartstore.naver.com/faq/content.help?faqId=14877)\n*   [예약할인이 무엇인가요?](https://help.sell.smartstore.naver.com/faq/content.help?faqId=14877)\n*   [네이버 쇼핑에 홍보문구(이벤트 필드) 노출은 어떻게 하나요?](https://help.sell.smartstore.naver.com/faq/content.help?faqId=14877)\n*   [[빠른상품 등록 솔루션] 빠른상품 등록은 어떻게 사용할 수 있나요?](https://help.sell.smartstore.naver.com/faq/content.help?faqId=14877)\n*   [[빠른상품 등록 솔루션] 모든 카테고리에서 사용 가능한가요?](https://help.sell.smartstore.naver.com/faq/content.help?faqId=14877)\n*   [[빠른상품 등록 솔루션] 솔루션 이용 후 스마트스토어 앱에서 기존 상품등록 서비스는 사용할 수 없나요?](https://help.sell.smartstore.naver.com/faq/content.help?faqId=14877)\n*   [[빠른상품 등록 솔루션] 기존의 상품등록과 무엇이 다르나요?](https://help.sell.smartstore.naver.com/faq/content.help?faqId=14877)\n*   [[빠른상품 등록 솔루션] 빠른상품 등록/수정을 완료하면 바로 스토어에 상품이 노출되나요?](https://help.sell.smartstore.naver.com/faq/content.help?faqId=14877)\n*   [[빠른상품 등록 솔루션] 기존 PC를 통해 이미 등록 완료된 상품도 '빠른상품수정'으로 수정 가능할까요?](https://help.sell.smartstore.naver.com/faq/content.help?faqId=14877)\n*   [[빠른상품 등록 솔루션] 빠른상품등록으로 등록한 상품도 스마트스토어 상품과 동일하게 취급되나요?](https://help.sell.smartstore.naver.com/faq/content.help?faqId=14877)\n*   [[빠른상품 등록 솔루션] 배송 및 AS 정보(부가정보 페이지)는 한 번만 등록 가능하다고 하는데, 수정 필요하면 어떻게 하나요?](https://help.sell.smartstore.naver.com/faq/content.help?faqId=14877)\n*   [[빠른상품 등록 솔루션] 옵션 재고 별 수량 입력했는데 총 재고수량이 입력되어있어요.](https://help.sell.smartstore.naver.com/faq/content.help?faqId=14877)\n*   [[빠른상품 등록 솔루션] 이미 등록된 상품을 빠른상품등록으로 수정하고 싶은데, 필수값만 노출되어있어요. 수정하면 값이 모두 초기화되나요?](https://help.sell.smartstore.naver.com/faq/content.help?faqId=14877)\n*   [[빠른상품 등록 솔루션] 미리 어떻게 상품이 등록되는지 미리보기를 볼 수는 없나요?](https://help.sell.smartstore.naver.com/faq/content.help?faqId=14877)\n*   [[빠른상품 등록 솔루션] 할인가는 입력 불가능한가요?](https://help.sell.smartstore.naver.com/faq/content.help?faqId=14877)\n*   [[빠른상품 등록 솔루션] 복사 기능은 사용이 안되나요?](https://help.sell.smartstore.naver.com/faq/content.help?faqId=14877)\n*   [[빠른상품 등록 솔루션] 임시 저장 기능은 제공되지 않나요?](https://help.sell.smartstore.naver.com/faq/content.help?faqId=14877)\n*   [[빠른상품 등록 솔루션] 옵션별 가격은 사용할 수 없나요?](https://help.sell.smartstore.naver.com/faq/content.help?faqId=14877)\n*   [[빠른상품 등록 솔루션] '빠른상품수정'기능을 통해 수정하는데, '수정이 불가한 상품군'이라고 노출돼요. 왜 그런가요?](https://help.sell.smartstore.naver.com/faq/content.help?faqId=14877)\n*   [[빠른상품 등록 솔루션] 스마트스토어와 쇼핑윈도 동시 운영중입니다. 스마트스토어 앱 빠른상품 등록/수정 메뉴를 통해 상품 등록/수정 할 수 있나요?](https://help.sell.smartstore.naver.com/faq/content.help?faqId=14877)\n*   [[빠른상품 등록 솔루션] 솔루션 결제 후 빠른상품 수정 메뉴에 접속 했으나 윈도 상품이 확인되지 않습니다. 왜그런가요?](https://help.sell.smartstore.naver.com/faq/content.help?faqId=14877)\n*   [[그룹상품] 카테고리는 어떻게 설정해야 하나요?](https://help.sell.smartstore.naver.com/faq/content.help?faqId=14877)\n*   [[그룹상품] 상품명 등록 기준을 알고 싶어요.](https://help.sell.smartstore.naver.com/faq/content.help?faqId=14877)\n*   [[그룹상품] '판매옵션'은 어떻게 등록하나요?](https://help.sell.smartstore.naver.com/faq/content.help?faqId=14877)\n\n**Q. 판매옵션이란 무엇인가요?**\n\n· 판매옵션은 **카테고리별 특성에 따라 네이버가 정의한 표준화된 옵션 정보**입니다.\n\n· 그룹상품 등록 시 판매옵션 정보를 필수로 설정해야하며, 이를 통해 고객에게 더욱 편리한 상품 검색을 제공할 수 있습니다.\n\n· 카테고리별 사용 가능한 판매옵션 정보는 아래의 엑셀 다운로드를 통해 확인해주세요.\n\n**[카테고리별 판매옵션 정보 다운로드](https://sell.smartstore.naver.com/#/center-notice/detail/100015261)》**\n\n![Image 1: %ED%8C%90%EB%A7%A4%EC%98%B5%EC%85%98](https://help.sell.smartstore.naver.com/fpsfiles/ko/202402/06047484-0186-4cf4-81da-cbeab0f19d53.png)\n\n※ 카테고리에 맞는 옵션명, 옵션값이 누락되었다면 1:1 문의하기를 통해 접수 바랍니다.\n\n**[1:1 문의하기 바로가기](https://help.sell.smartstore.naver.com/mail/form.help)》**\n\n**Q. 판매옵션은 기존 상품의 옵션과 동일한 개념인가요?**\n\n· 기존 상품등록에서 설정하는 옵션은 상품 하위에 종속된 '옵션'의 개념이지만, 그룹상품 등록 시 설정하는 판매옵션은 그룹상품 등록 완료 시 '개별 상품'으로 등록됩니다.\n\n· 각 판매옵션은 옵션이 없는 단일상품으로 등록되며 동일한 그룹번호를 가진 그룹상품으로 그룹핑됩니다.\n\n· 그룹상품 등록 완료 후 상품 조회/수정 메뉴에서 개별 상품 단위 또는 그룹 단위로 조회/수정 가능합니다.\n\n· 동일 그룹으로 등록된 상품은 상품 상세 페이지에 옵션 형태로 함께 노출되며, 그룹상품의 상품 상세 및 검색 리스트 노출은**[그룹상품 노출 예시](https://help.sell.smartstore.naver.com/faq/content.help?faqId=14886)**를 참고해 주세요.\n\n![Image 2: %ED%8C%90%EB%A7%A4%EC%98%B5%EC%85%98%20%EC%88%98%EC%A0%95](https://help.sell.smartstore.naver.com/fpsfiles/ko/202402/669dea26-1928-44df-9707-c8e5850269fe.png)\n\n**※ 참고. 기존 상품을 그룹상품으로 전환할 경우** (그룹 설정 시)\n\n· 기존 상품을 그룹상품으로 전환할 경우, 전환하는 각 상품에 대해서 판매옵션 정보를 설정해야합니다.\n\n· 그룹상품으로 전환 시 기존 상품에 등록된 옵션 정보가 모두 삭제되며 옵션이 없는 단일 상품으로 변경됩니다.\n\n· 기존에 옵션이 2개 이상 등록된 상품을 그룹상품으로 전환할 경우,각 옵션이 별도의 상품번호를 가진 개별 상품(판매옵션)으로 전환됩니다.\n\n[**☞ [그룹상품] 옵션이 존재하는 상품을 그룹설정할 경우, 어떤 것을 유의해야 하나요?**](https://help.sell.smartstore.naver.com/faq/content.help?faqId=15757)\n\n**Q. 판매옵션은 몇 개까지 등록 가능한가요?**\n\n· 그룹상품 등록 시 판매옵션은 최대 100개(옵션값 조합 개수 기준)까지 등록 가능합니다.\n\n(등록 가능한 최대 개수는 카테고리에 따라 달라지며, **[카테고리별 판매옵션 정보 다운로드》](https://sell.smartstore.naver.com/#/center-notice/detail/100015261)**를 참고해주세요.)\n\n![Image 3: 18](https://help.sell.smartstore.naver.com/fpsfiles/ko/202509/51e524a0-a03e-4185-8940-66d4e2974750.png)\n\n**Q. 판매옵션 노출 정렬 순서를 설정할 수 있나요?**\n\n· 텍스트형 판매옵션(향, 색상 등)의 경우 정렬 순서 설정이 가능하며, 원하는 곳으로 판매옵션값을 드래그 앤 드롭해 정렬 순서를 변경할 수 있습니다.\n\n· 숫자형 판매옵션(용량, 수량 등)의 경우 숫자 오름차순으로 정렬 순서가 고정되며, 별도로 정렬 순서를 설정할 수 없습니다.\n\n![Image 4: .](https://help.sell.smartstore.naver.com/fpsfiles/ko/202411/8a39fd7a-380a-4ded-b618-64cec4abc0b4.png)\n\n**! 주의.**\n\n· 각 상품(판매옵션)은 그룹상품으로 등록된 날짜로부터 30일 이내까지만 그룹 해제가 가능하며, 30일이 경과된 후에는 그룹 해제가 불가합니다.\n\n**[그룹 해제 자세히 알아보기](https://help.sell.smartstore.naver.com/faq/content.help?faqId=15077)》**\n\n단, 상품 자체를 삭제할 경우 해당 상품은 삭제와 동시에 그룹에서 즉시 해제됩니다.\n\n· 30일이 경과된 이후에 부득이하게 그룹 해제가 필요한 경우 고객센터 [**1:1 문의하기**](https://help.sell.smartstore.naver.com/mail/form.help)를 통해 접수해주세요. (상담분류: 상품관리 > '그룹상품 해제 요청' 선택)\n\n· 내부 검토를 거쳐 그룹 해제 처리가 진행되며, 내부 정책에 따라 그룹 해제 요청이 반려될 수 있습니다.\n\n·판매옵션 수정:그룹에 속하게 된 일자가 30일 이내인 상품이 존재하거나, 최근 30일 이내 카테고리가 변경된 경우, 판매옵션 수정이 가능합니다.\n\n**[판매옵션 수정 자세히 알아보기](https://help.sell.smartstore.naver.com/faq/content.help?faqId=16681)》**\n\n**※ 참고.**\n\n· 그룹 설정 또는 그룹에 상품 추가 시,해당 상품이 카탈로그의 구매조건까지 연결된 경우, 해당 조건을 기준으로 판매옵션값이 자동 입력됩니다. (필요 시 수정 가능합니다)\n\n· 이때, 상품에 옵션이 2개 이상 존재하는 경우에는 기존 상품번호가 유지된 판매옵션에만 자동입력되며, 그 외 신규 상품번호에는 판매옵션값이 자동입력되지 않습니다.\n\n·개별상품에 연결된 카탈로그 구매조건 정보는 아래 경로에서 확인할 수 있습니다.\n\n![Image 5: 19](https://help.sell.smartstore.naver.com/fpsfiles/ko/202509/ca5b8dad-725a-4e4c-9d4b-ecdd4a19c13c.png)\n\n·카탈로그에 연결되었더라도 구매조건이 존재하지 않을 수 있으며, 이 경우 위 경로에 별도 표시되지 않습니다.\n\n· 기존에 설정한 판매옵션이 네이버쇼핑에서 사용 중단되어 더 이상 사용할 수 없는 경우, 해당 상품과 상품이 포함된 그룹은 수정이 불가합니다.\n\n​\n\n**상세 입력 정책**\n\n**1. 판매옵션명**\n\n· 카테고리 선택 시 **해당 카테고리에서 사용 가능한 판매옵션명이 노출**됩니다.\n\n· 카테고리에서 사용 가능한 판매옵션명 조합이 여러 개인 경우, 여러 조합 중 1개를 선택해 등록하실 수 있습니다.\n\n· 카테고리에서 사용 가능한 판매옵션명 조합이 1개인 경우, 해당 판매옵션명 조합이 고정 선택되어 노출됩니다.\n\n· 판매옵션명은 제공되는 값만 선택이 가능하며 직접 입력은 불가합니다.\n\n![Image 6: %ED%8C%90%EB%A7%A4%EC%98%B5%EC%85%98%EB%AA%85%20%EC%84%A0%ED%83%9D](https://help.sell.smartstore.naver.com/fpsfiles/ko/202406/5f9b3370-25d6-4983-b349-a5e3c029574d.png)\n\n**2. 판매옵션값**\n\n· 판매옵션값은 **네이버가 제공하는 값을 선택하거나 직접 입력을 통해 등록 가능**합니다.\n\n· 단, 직접 입력한 옵션값은 정확히 검색되지 않을 수 있으며, 가급적 네이버가 제공하는 판매옵션값 사용을 권장합니다.\n\n· 판매옵션값 입력 시 옵션명별로 제공되는 입력 가이드를 반드시 참고해주세요.\n\n![Image 7: %ED%8C%90%EB%A7%A4%EC%98%B5%EC%85%98%EA%B0%92](https://help.sell.smartstore.naver.com/fpsfiles/ko/202402/a99e1c68-2702-44af-8cd1-190d00f9b23f.png)\n\n**[네이버 제공 판매옵션값]**\n\n- 값 입력 시 일치하는 판매옵션값이 자동 완성 레이어에 제공됩니다.\n\n![Image 8: %EC%9E%90%EB%8F%99%EC%99%84%EC%84%B1](https://help.sell.smartstore.naver.com/fpsfiles/ko/202402/b1119747-5aa0-4f3b-b6fd-045864aa4767.png)\n\n- 선택 시 옵션값 코드가 함께 노출\n\n![Image 9: %EC%98%B5%EC%85%98%EA%B0%92%20%EB%85%B8%EC%B6%9C](https://help.sell.smartstore.naver.com/fpsfiles/ko/202402/66e63177-6965-4a03-86fa-3c314feb7440.png)\n\n**[판매자 직접 입력 옵션값]**\n\n- 입력한 값과 일치하는 판매옵션값이 없을 경우 직접입력 값을 제공합니다.\n\n![Image 10: %EC%A7%81%EC%A0%91%EC%9E%85%EB%A0%A5%EA%B0%92](https://help.sell.smartstore.naver.com/fpsfiles/ko/202402/4efe9292-b777-4023-b5a8-12e706c2f9a3.png)\n\n- 선택 시 별도 옵션값 코드 노출 없음\n\n![Image 11: %EB%85%B8%EC%B6%9C%EC%BD%94%EB%93%9C%20%EC%97%86%EC%9D%8C](https://help.sell.smartstore.naver.com/fpsfiles/ko/202402/015a2199-8488-401b-ba47-4df3333f3d7d.png)\n\n**온라인으로 배우는 그룹상품 활용 방법**\n\n([☞ 새 창으로 열기](https://bizschool.naver.com/online/course/65265/lecture/1462218))\n\n위 도움말이 도움이 되었나요?\n\n- [x] 별점1점 - [x] 별점2점 - [x] 별점3점 - [x] 별점4점 - [x] 별점5점   도움말에 대한 소중한 의견은 서비스 개선에 큰 도움이 됩니다. 만약, 궁금하신 내용이 있다면 고객센터로 문의주시면 친절히 안내해 드리겠습니다.보내기  \n\n**관련 도움말/키워드**\n    *   [[그룹상품] 그룹상품 등록 이후 상품을 그룹에서 해제할 수 있나요?](https://help.sell.smartstore.naver.com/faq/content.help?faqId=15077)\n    *   [[그룹상품] 그룹상품 등록 이후 판매옵션 정보를 수정할 수 있나요?](https://help.sell.smartstore.naver.com/faq/content.help?faqId=16681)\n\n[도움말 닫기](https://help.sell.smartstore.naver.com/faq/content.help?faqId=14877)\n\n*   [[그룹상품] '할인'이란 무엇인가요?](https://help.sell.smartstore.naver.com/faq/content.help?faqId=14877)\n*   [[그룹상품] 모델명은 어떻게 등록하고 수정하나요?](https://help.sell.smartstore.naver.com/faq/content.help?faqId=14877)\n*   [[그룹상품] 원하는 카탈로그 및 구매조건이 없어요.](https://help.sell.smartstore.naver.com/faq/content.help?faqId=14877)\n*   [[그룹상품] '추가상품'은 어떻게 등록하나요?](https://help.sell.smartstore.naver.com/faq/content.help?faqId=14877)\n*   [[그룹상품] 구매/리뷰 혜택 조건 입력 시 유의사항이 있나요?](https://help.sell.smartstore.naver.com/faq/content.help?faqId=14877)\n*   [[그룹상품] 추가문구는 무엇인가요?](https://help.sell.smartstore.naver.com/faq/content.help?faqId=14877)\n*   [[그룹상품] '검색노출 그룹'은 무엇인가요?](https://help.sell.smartstore.naver.com/faq/content.help?faqId=14877)\n*   [‘카탈로그 연결상태’란 무엇인가요?](https://help.sell.smartstore.naver.com/faq/content.help?faqId=14877)\n*   [[그룹상품] 등록한 그룹상품은 검색 리스트, 상품 상세페이지에 어떻게 노출되나요?](https://help.sell.smartstore.naver.com/faq/content.help?faqId=14877)\n*   [모바일과 PC 할인을 각각 설정하고 싶은데 왜 통합된건가요?](https://help.sell.smartstore.naver.com/faq/content.help?faqId=14877)\n*   [[그룹상품] 판매옵션값 입력 가이드](https://help.sell.smartstore.naver.com/faq/content.help?faqId=14877)\n*   [Npay 포인트·머니는 무엇인가요?](https://help.sell.smartstore.naver.com/faq/content.help?faqId=14877)\n*   [상품 내 가격이 대표가격이 아닌 다른 가격으로 노출되요.](https://help.sell.smartstore.naver.com/faq/content.help?faqId=14877)\n*   [[그룹상품] 그룹상품 등록 시 상품 등록 개수 기준은 어떻게 되나요?](https://help.sell.smartstore.naver.com/faq/content.help?faqId=14877)\n*   [비실물 서비스 이용권 판매 시 결제수단 제한이 있나요?](https://help.sell.smartstore.naver.com/faq/content.help?faqId=14877)\n*   ['사이즈'는 어떤 정보를 입력하나요?](https://help.sell.smartstore.naver.com/faq/content.help?faqId=14877)\n*   [판매가 설정 시 '판매가를 기준으로 -80% ~ + 50% 이내로 입력해 주세요.' 문구가 노출됩니다. 어떻게 해야 하나요?](https://help.sell.smartstore.naver.com/faq/content.help?faqId=14877)\n*   [예약구매 상품이 검색 결과에 노출되나요?](https://help.sell.smartstore.naver.com/faq/content.help?faqId=14877)\n*   [네이버쇼핑에 '가격비교 매칭'은 어떻게 요청 하나요?](https://help.sell.smartstore.naver.com/faq/content.help?faqId=14877)\n*   [N배송 상품도 예약구매로 판매할 수 있나요?](https://help.sell.smartstore.naver.com/faq/content.help?faqId=14877)\n*   [[그룹상품] '색상칩'은 어떻게 설정해야 하나요?](https://help.sell.smartstore.naver.com/faq/content.help?faqId=14877)\n*   [[그룹상품] 그룹 공통 정보에는 무엇이 있나요?](https://help.sell.smartstore.naver.com/faq/content.help?faqId=14877)\n*   [품번이란 무엇인가요?](https://help.sell.smartstore.naver.com/faq/content.help?faqId=14877)\n*   [SmartEditorONE(스마트에디터)에서 이미지를 등록할 때는 여백이 없지만, 등록 후 상세 페이지를 확인하면 여백이 생기는 이유는 무엇인가요?](https://help.sell.smartstore.naver.com/faq/content.help?faqId=14877)\n*   [[그룹상품] 구성품이 다른 상품을 그룹상품으로 등록할 수 있나요?](https://help.sell.smartstore.naver.com/faq/content.help?faqId=14877)\n*   [회원가입을 진행했으나 아직 심사는 진행되지 않았습니다. 상품을 먼저 등록할 수 있나요?](https://help.sell.smartstore.naver.com/faq/content.help?faqId=14877)\n*   [특정 지역에서만 구매가 가능하도록 상품을 설정할 수 있나요?](https://help.sell.smartstore.naver.com/faq/content.help?faqId=14877)\n*   [SKU 재고는 상품에 어떻게 연동되나요?](https://help.sell.smartstore.naver.com/faq/content.help?faqId=14877)\n*   [1개의 SKU를 여러 상품에 연결하고 싶습니다. 주의해야 할 게 있나요?](https://help.sell.smartstore.naver.com/faq/content.help?faqId=14877)\n*   [네이버쇼핑에 '가격비교 매칭 해제'는 어떻게 요청 하나요?](https://help.sell.smartstore.naver.com/faq/content.help?faqId=14877)\n*   [상품 등록 시 체육시설 문화비 소득공제 설정을 할 수 있나요?](https://help.sell.smartstore.naver.com/faq/content.help?faqId=14877)\n*   [[그룹상품] 상품별 배송 속성을 다르게 설정해도 되나요?](https://help.sell.smartstore.naver.com/faq/content.help?faqId=14877)\n*   [[정기구독] 배송회차 <설정안함> 선택 시 어떻게 되나요? (무제한 구독이 무엇인가요?)](https://help.sell.smartstore.naver.com/faq/content.help?faqId=14877)\n*   [장기 임대 상품 취급 가능 여부](https://help.sell.smartstore.naver.com/faq/content.help?faqId=14877)\n\n*   [이용약관](https://sell.smartstore.naver.com/#/terms/agreement \"새창\")\n*   [전자금융거래 이용약관](https://new-m.pay.naver.com/member/terms-policy/finance \"새창\")\n*   [**개인정보 처리방침**](http://mktg.naver.com/privacy/privacy.html \"새창\")\n*   [청소년 보호정책](http://www.naver.com/policy/youthpolicy.html \"새창\")\n*   [책임의 한계와 법적고지](http://smartstore.naver.com/main/rules/responsibility \"팝업\")\n*   [안전거래가이드](http://ips.smartstore.naver.com/main/rules/safety \"새창\")\n*   [고객센터](https://help.sell.smartstore.naver.com/)\n\n네이버㈜는 결제정보의 중개서비스 또는 통신판매중개시스템의 제공자로서, 통신판매의 당사자가 아니며, 상품의 주문, 배송 및 환불 등과 관련한 의무와 책임은 각 판매자에게 있습니다.\n\n또한 판매자와 구매자간의 직거래에 대하여 당사는 관여하지 않기 때문에 거래에 대해서는 책임을 지지 않습니다.\n\n*   사업자등록번호 : 220-81-62517\n*   통신판매업신고번호 : 제2006-경기성남-0692호\n*   대표이사 : 최수연\n*   [사업자정보확인](https://www.ftc.go.kr/bizCommPop.do?wrkr_no=2208162517 \"새창\")\n*   주소 : 경기도 성남시 분당구 정자일로 95, NAVER 1784 (13561)\n*   전화 : 1588-3819\n*   이메일 : [helpcustomer@naver.com](mailto:helpcustomer@naver.com)\n*   [1:1문의](https://help.sell.smartstore.naver.com/mail/form.help)\n\n[NAVER](http://www.navercorp.com/ko/index.nhn \"새창\")\n\nCopyright © [**NAVER Corp.**](http://www.navercorp.com/ko/index.nhn \"새창\") All rights reserved."
      },
      {
        "platform": "naver",
        "title": "네이버 커머스솔루션마켓 - Naver",
        "url": "https://solution.smartstore.naver.com/ko/home",
        "snippet": "직접 상품과 사용료를 설정하고, 크리에이터를 통해 상품이 판매되면 자동 정산되는 솔루션\n\n별도과금\n\n## 지금 인기 급상승 솔루션 TOP6\n\n1\n\n### 상품명마스터\n\n내 상품명은 잘 작성된걸까? 다른 상품들은 어떤 키워드를 쓸까? 이제 데이터로 확인하세요!\n\n센터 바로사용 무료2\n\n### 빠른상품등록\n\n센터 앱에서만 쓸 수 있는 상품등록 솔루션, 이제 쉽고 빠르게 상품등록해보세요!🚀\n\n앱전용센터 바로사용 무료3\n\n### 트렌드 Quick 모니터링\n\n네이버 쇼핑 인기 키워드 ・ 상품 정보를 톡톡메시지로 받아보세요!\n\n센터 바로사용 무료4\n\n### 정기구독\n\n정기적으로 자동 결제되는 정기구독 솔루션으로 단골고객 확보하고 매출고민 덜어보세요.\n\n센터 바로사용 무료5\n\n### 브랜드 커넥트 - 쇼핑 커넥트\n\n직접 상품과 사용료를 설정하고, 크리에이터를 통해 상품이 판매되면 자동 정산되는 솔루션\n\n별도과금6\n\n### 인포크링크 [...] 본문으로 바로가기\n\n## 브랜드스토어에 딱! 맞춘 디지털 보증서\n\n네이버 컬렉션\n\n 솔루션 바로가기\n\n## 크리에이터가 내 상품을 홍보부터 판매까지!\n\n브랜드 커넥트 - 쇼핑 커넥트\n\n 솔루션 바로가기\n\n## 내 상품명 점검부터 황금키워드 발굴까지\n\n상품명마스터\n\n 솔루션 바로가기\n\n## 복잡한 물류 업무 맡기고 스마트스토어 매출 UP\n\nN배송 프로그램\n\n 솔루션 바로가기\n\n1\n /\n4\n\n## 마케팅을 고민하는 사장님을 위한 추천 솔루션\n\n### 마케팅 솔루션 사용 후, 60% 이상이 매출 상승을 경험!\n\n솔루션 사용 후 판매자의 매출 상승에 영향을 준 인기 솔루션들을 추천드립니다.\n\n### 리뷰 노출 AI 매니저\n\n매출을 올리는 확실한 AI 리뷰 마케팅!\n\n월 19,900원~### 인포크링크\n\n프로필 링크와 자동 DM으로 고객 전환을 간편하게 완성하세요.\n\n무료### 브랜드 커넥트 - 쇼핑 커넥트 [...] 프로필 링크와 자동 DM으로 고객 전환을 간편하게 완성하세요.\n\n무료### 솔루션 알림이\n\n판매자님 일손을 돕는 신규 솔루션을 쉽게 탐색하고, 알림을 받아보세요!\n\n센터 바로사용무료\n\n## 손쉽게 결제가 가능한 솔루션!\n\n### 아이템스카우트 랭킹추적\n\nAI 상품영상 기능 업데이트! 지금 30일 무료 체험하세요!\n\n30일 무료 체험\n\n## 딱 맞는 솔루션을 주제별로 찾아보세요!\n\n내 상품들이 더 매력적으로 보이길 원한다면 아래 솔루션을 추가해 보세요!\n\n 상품・노출\n 디자인・콘텐츠\n 주문 및 배송\n 마케팅・CRM\n 데이터 분석\n 관리도구・편의\n CS・고객관리\n 상품 소싱\n\nTip\n\n내 상품들이 내 스토어 홈과 SNS에서 더 멋지게 노출되어 더 잘 팔리길 원한다면 아래 솔루션을 추가해보세요.\n\n### 빠른상품등록\n\n센터 앱에서만 쓸 수 있는 상품등록 솔루션, 이제 쉽고 빠르게 상품등록해보세요!🚀\n\n앱전용센터 바로사용무료### 인포크링크",
        "score": 0.042439613,
        "timestamp": "2025-11-29T02:23:20.952674",
        "raw_content": "[본문으로 바로가기](#seller-content)\n\n## 브랜드스토어에 딱! 맞춘 디지털 보증서\n\n네이버 컬렉션\n\n [솔루션 바로가기](https://solution.smartstore.naver.com/ko/solution/iOSFftLAdkqVXb4y74ocW/detail)\n\n## 크리에이터가 내 상품을 홍보부터 판매까지!\n\n브랜드 커넥트 - 쇼핑 커넥트\n\n [솔루션 바로가기](https://solution.smartstore.naver.com/ko/solution/7BxhKW54rdxqi9m4N3fNcZ/detail)\n\n## 내 상품명 점검부터 황금키워드 발굴까지\n\n상품명마스터\n\n [솔루션 바로가기](https://solution.smartstore.naver.com/ko/solution/2L8mOJ7lAaqjga1bNuc3Pv/detail)\n\n## 복잡한 물류 업무 맡기고 스마트스토어 매출 UP\n\nN배송 프로그램\n\n [솔루션 바로가기](https://solution.smartstore.naver.com/ko/solution/5kjYBRHOwKJiC8ExEdKnCp/detail)\n\n1\n /\n4\n\n## 마케팅을 고민하는 사장님을 위한 추천 솔루션\n\n### 마케팅 솔루션 사용 후, 60% 이상이 매출 상승을 경험!\n\n솔루션 사용 후 판매자의 매출 상승에 영향을 준 인기 솔루션들을 추천드립니다.\n\n---\n\n[### 리뷰 노출 AI 매니저\n\n매출을 올리는 확실한 AI 리뷰 마케팅!\n\n월 19,900원~](/ko/detail/7XcwuQbLNpwSd48nGM4iMM)[### 인포크링크\n\n프로필 링크와 자동 DM으로 고객 전환을 간편하게 완성하세요.\n\n무료](/ko/detail/SOL_1nthqHycfVX4HfbJMfRznt)[### 브랜드 커넥트 - 쇼핑 커넥트\n\n직접 상품과 사용료를 설정하고, 크리에이터를 통해 상품이 판매되면 자동 정산되는 솔루션\n\n별도과금](/ko/detail/7BxhKW54rdxqi9m4N3fNcZ)\n\n## 지금 인기 급상승 솔루션 TOP6\n\n[1\n\n### 상품명마스터\n\n내 상품명은 잘 작성된걸까? 다른 상품들은 어떤 키워드를 쓸까? 이제 데이터로 확인하세요!\n\n센터 바로사용 무료](/ko/detail/2L8mOJ7lAaqjga1bNuc3Pv)[2\n\n### 빠른상품등록\n\n센터 앱에서만 쓸 수 있는 상품등록 솔루션, 이제 쉽고 빠르게 상품등록해보세요!🚀\n\n앱전용센터 바로사용 무료](/ko/detail/xWnz2EZvatj0nfYnWdNQH)[3\n\n### 트렌드 Quick 모니터링\n\n네이버 쇼핑 인기 키워드 ・ 상품 정보를 톡톡메시지로 받아보세요!\n\n센터 바로사용 무료](/ko/detail/3taP85oosSrmMGUR8xlOKu)[4\n\n### 정기구독\n\n정기적으로 자동 결제되는 정기구독 솔루션으로 단골고객 확보하고 매출고민 덜어보세요.\n\n센터 바로사용 무료](/ko/detail/1EiNzahf1V7kVjJhTVeM0J)[5\n\n### 브랜드 커넥트 - 쇼핑 커넥트\n\n직접 상품과 사용료를 설정하고, 크리에이터를 통해 상품이 판매되면 자동 정산되는 솔루션\n\n별도과금](/ko/detail/7BxhKW54rdxqi9m4N3fNcZ)[6\n\n### 인포크링크\n\n프로필 링크와 자동 DM으로 고객 전환을 간편하게 완성하세요.\n\n무료](/ko/detail/SOL_1nthqHycfVX4HfbJMfRznt)\n\n## 따끈 따끈한 신규솔루션! 가장 먼저 추가하세요\n\n[### 해외직구 풀필먼트 by 몰테일\n\n해외 구매대행 셀러를 위한 유일한 해외직구 풀필먼트 by 몰테일\n\n별도과금](/ko/detail/SOL_58rsSOoom3QY2ubTz36LiT)[### AI 고객지원 솔루션\n\nAI가 알아서 답변하는 고객 Q&A, 더 중요한 업무에 집중하세요!\n\n10일 무료 체험](/ko/detail/SOL_1Yk7IM8LdujSzMKUOcP5fh)[### 솔루션 알림이\n\n판매자님 일손을 돕는 신규 솔루션을 쉽게 탐색하고, 알림을 받아보세요!\n\n센터 바로사용무료](/ko/detail/SOL_7PP0XjBA9zxg4dYrzzlsQ5)[### 스토어프렌즈\n\n엑셀파일 재고 수정 / 검색으로 옵션상품 재고 수정 / 여러상품의 재고를 동시에 수정\n\n7일 무료 체험](/ko/detail/SOL_5PfIeUoNKghmnHCCOARRqJ)\n\n## 추가 안 하고는 못 참지 이건 완전 무료 솔루션이니까\n\n[### 리틀리 - 올인원 프로필링크\n\n내 인스타그램에 스마트스토어 제품을 노출시키세요!\n\n무료](/ko/detail/SOL_2LcWfMwTDfkAHj8IUtU7G9)[### 빠른상품등록\n\n센터 앱에서만 쓸 수 있는 상품등록 솔루션, 이제 쉽고 빠르게 상품등록해보세요!🚀\n\n앱전용센터 바로사용무료](/ko/detail/xWnz2EZvatj0nfYnWdNQH)[### 인포크링크\n\n프로필 링크와 자동 DM으로 고객 전환을 간편하게 완성하세요.\n\n무료](/ko/detail/SOL_1nthqHycfVX4HfbJMfRznt)[### 솔루션 알림이\n\n판매자님 일손을 돕는 신규 솔루션을 쉽게 탐색하고, 알림을 받아보세요!\n\n센터 바로사용무료](/ko/detail/SOL_7PP0XjBA9zxg4dYrzzlsQ5)\n\n## 손쉽게 결제가 가능한 솔루션!\n\n[### 아이템스카우트 랭킹추적\n\nAI 상품영상 기능 업데이트! 지금 30일 무료 체험하세요!\n\n30일 무료 체험](/ko/detail/6Ms8hgVd4VPjk8dGWk96Vv)\n\n## 딱 맞는 솔루션을 주제별로 찾아보세요!\n\n내 상품들이 더 매력적으로 보이길 원한다면 아래 솔루션을 추가해 보세요!\n\n* 상품・노출\n* 디자인・콘텐츠\n* 주문 및 배송\n* 마케팅・CRM\n* 데이터 분석\n* 관리도구・편의\n* CS・고객관리\n* 상품 소싱\n\nTip\n\n내 상품들이 내 스토어 홈과 SNS에서 더 멋지게 노출되어 더 잘 팔리길 원한다면 아래 솔루션을 추가해보세요.\n\n[### 빠른상품등록\n\n센터 앱에서만 쓸 수 있는 상품등록 솔루션, 이제 쉽고 빠르게 상품등록해보세요!🚀\n\n앱전용센터 바로사용무료](/ko/detail/xWnz2EZvatj0nfYnWdNQH)[### 인포크링크\n\n프로필 링크와 자동 DM으로 고객 전환을 간편하게 완성하세요.\n\n무료](/ko/detail/SOL_1nthqHycfVX4HfbJMfRznt)[### 리틀리 - 올인원 프로필링크\n\n내 인스타그램에 스마트스토어 제품을 노출시키세요!\n\n무료](/ko/detail/SOL_2LcWfMwTDfkAHj8IUtU7G9)[### PODSHOP\n\n상품 제작부터 배송까지 무자본 무재고 비즈니스 POD SHOP\n\n추가과금](/ko/detail/SOL_1PJSOBHQ9aoILiIN9bzYgS)[### 스마트싱크 플러스\n\n손쉽게 자사몰(CAFE24, MakeShop) 상품을 스마트스토어에 연동하는 편리함 제공\n\n무료](/ko/detail/5PIanMX4803JSpOP9ARK2T)"
      },
      {
        "platform": "naver",
        "title": "네이버 커머스솔루션마켓 - Naver",
        "url": "https://solution.smartstore.naver.com/ko/detail/4HiHNUP9KNULMFDijHhZ5f",
        "snippet": "네이버 판매활동을 API연동하여 비즈니스에 활용하세요! 스마트스토어센터에서 확인할 수 있는 통계데이터를 API로 받아보세요! 번거롭게 다운받을 필요 없이 한번의 연동으로 편하게 데이터를 확인할 수 있습니다. 판매 분석, 실시간 분석, 쇼핑행동 분석, 마케팅 분석, 고객 데이터까지 스토어의",
        "score": 0.040666364,
        "timestamp": "2025-11-29T02:23:20.952676",
        "raw_content": null
      },
      {
        "platform": "naver",
        "title": "네이버 스마트스토어센터",
        "url": "https://sell.smartstore.naver.com/",
        "snippet": "누구나 쉽고 편리하게 만드는 스마트스토어에서 내 가게를 만들어보세요.",
        "score": 0.03568199,
        "timestamp": "2025-11-29T02:23:20.952678",
        "raw_content": null
      },
      {
        "platform": "coupang",
        "title": "쿠팡! - 스테이크용 - COUPANG",
        "url": "https://www.coupang.com/np/search?q=스테이크용&channel=user",
        "snippet": "Image 80: 호주산 등심 스테이크용 1kg 베스트비프, 1개 호주산 등심 스테이크용 1kg 베스트비프, 1개 ~~24,000원~~ 2% 23,400원 (100g당 2,340원) 배송비 3,500원 조건부 무료배송 12/2(화) 도착 예정 오늘출발 4.5 (802)\n   Image 81: 우마왕 한우 안심 스테이크용 1++ 구이용 소고기, 1개, 200g 우마왕 한우 안심 스테이크용 1++ 구이용 소고기, 1개, 200g 쿠폰할인· 20:02:49~~76,000원~~ 34% 49,500원 (100g당 24,750원) 12/2(화) 도착 예정 무료배송 ∙ 오늘출발 ∙ 무료반품 4.5 (2)\n   Image 82: 미트엔조이 호주산 소고기 척아이롤 (냉장), 300g, 1개 미트엔조이 호주산 소고기 척아이롤 (냉장), 300g, 1개 ~~11,100원~~ 11% 9,830원 (100g당 3,277원) Image 83 오늘(토) 도착 보장 4.5 (6374) [...] Image 108: 곰곰 국내산 소고기 등심 구이용 (냉장), 1개, 300g 곰곰 국내산 소고기 등심 구이용 (냉장), 1개, 300g ~~25,900원~~ 36% 16,470원 (100g당 5,490원) Image 109 오늘(토) 도착 보장 5 (12) 쿠팡으로부터 광고 서비스를 구매한 제휴업체의 판매상품으로 일반 상품보다 우선 정렬됩니다. AD\n   Image 110: 1++ 한우 투뿔 모듬세트 600g 구이용 최고급, 1개 1++ 한우 투뿔 모듬세트 600g 구이용 최고급, 1개 할인~~150,000원~~ 57% 64,000원 (1세트당 64,000원) 12/2(화) 도착 예정 무료배송 ∙ 오늘출발 4.5 (484) 쿠팡으로부터 광고 서비스를 구매한 제휴업체의 판매상품으로 일반 상품보다 우선 정렬됩니다. AD [...] 1++ 최고급 투뿔 한우 모듬세트 500g 부채살 채끝 특수부위 구이용 소고기, 1개\n\n33%\n\n60,000원\n\n39,800원\n\n(100g당 7,960원)\n\n12/2(화) 도착 예정\n\n(438)\n\nImage 128\n\n최대 1,990원 적립\n\n이전12345다음\n\n이 상품을 검색한 다른 분들이 함께 본 상품\n\n이전 상품 보기",
        "score": 0.5082762,
        "timestamp": "2025-11-29T02:23:22.759299",
        "raw_content": "쿠팡이 추천하는 스테이크용 관련 혜택과 특가\n\n===============\n\n[![Image 1](https://static.coupangcdn.com/ea/cmg_paperboy/image/1646271114206/C0-Left_basic.jpg)](https://www.coupang.com/np/campaigns/82?adType=DA&eventId=lAiiOpCv3PKqFjxf)[![Image 2](https://static.coupangcdn.com/ya/cmg_paperboy/image/1764139787980/C0.jpg)](https://pages.coupang.com/p/157429?adType=DA&eventId=6XOWSDg7kwnQJPTZ)\n\n[X](https://www.coupang.com/np/search?q=%EC%8A%A4%ED%85%8C%EC%9D%B4%ED%81%AC%EC%9A%A9&channel=user)\n\n*   [판매자 가입](https://wing.coupang.com/tenants/vendor-signup/signup?utm_source=button_pc_coupang_app_category_3&utm_medium=non_paid&utm_id=onsite_ca&utm_content=20240328)\n*   [고객센터](https://mc.coupang.com/ssr/desktop/contact/faq)\n[자주묻는 질문](https://mc.coupang.com/ssr/desktop/contact/faq)[1:1 채팅문의](https://mc.coupang.com/ssr/desktop/contact/inquiry)[고객의 소리](https://mc.coupang.com/ssr/desktop/contact/voc)[취소 / 반품 안내](https://www.coupang.com/returnPolicy.pang)\n\n*   [회원가입](https://login.coupang.com/login/memberJoinFrm.pang \"회원가입\")\n*   [로그인](https://login.coupang.com/login/login.pang?rtnUrl=https%3A%2F%2Fwww.coupang.com%2Fnp%2Fpost%2Flogin%3Fr%3Dhttp%253A%252F%252Fwww.coupang.com%252Fnp%252Fsearch%253Fq%253D%2525EC%25258A%2525A4%2525ED%252585%25258C%2525EC%25259D%2525B4%2525ED%252581%2525AC%2525EC%25259A%2525A9%2526channel%253Duser \"로그인\")\n*   [즐겨찾기](https://www.coupang.com/np/search?q=%EC%8A%A4%ED%85%8C%EC%9D%B4%ED%81%AC%EC%9A%A9&channel=user)\n*   [입점신청](https://www.coupang.com/np/search?q=%EC%8A%A4%ED%85%8C%EC%9D%B4%ED%81%AC%EC%9A%A9&channel=user)\n[오픈마켓](https://marketplace.coupangcorp.com/s/?utm_source=button_pc&utm_medium=non_paid&utm_campaign=onsite_ca&utm_id=coupang_app)[여행·티켓](https://with.coupang.com/contract/initialize)[로켓배송](https://supplier.coupang.com/welcome/join)[제휴마케팅](https://partners.coupang.com/)[로켓그로스](https://sell.coupang.com/?utm_source=web_button_pc_rg&utm_medium=referral&utm_campaign=onsite_lead&utm_id=coupang_web?inflow=WEB_HEADER_B)\n\n.\n\n카테고리\n\n쇼핑\n\n티켓\n\n테마관\n\n*   [입점/판매 신청](https://wing.coupang.com/tenants/vendor-signup/signup?utm_source=button_pc_coupang_app_category_3&utm_medium=non_paid&utm_id=onsite_ca&utm_content=20240328)\n\n[![Image 3: Coupang](https://image7.coupangcdn.com/image/coupang/common/logo_coupang_w350.png)](https://www.coupang.com/)\n\n[전체](https://www.coupang.com/np/search?q=%EC%8A%A4%ED%85%8C%EC%9D%B4%ED%81%AC%EC%9A%A9&channel=user)\n\n전체삭제 최근검색어끄기\n\n[](https://www.coupang.com/np/search?q=%EC%8A%A4%ED%85%8C%EC%9D%B4%ED%81%AC%EC%9A%A9&channel=user)![Image 4](https://front.coupangcdn.com/front-web-next/_next/static/media/search.85cd3dbf.png)\n*   [![Image 5](https://front.coupangcdn.com/front-web-next/_next/static/media/person.07e45e52.png)마이쿠팡](https://mc.coupang.com/ssr/desktop/order/list)\n[주문목록](https://mc.coupang.com/ssr/desktop/order/list)[취소/반품](https://mc.coupang.com/ssr/desktop/cancel-return-exchange/list)[찜 리스트](https://wish-web.coupang.com/wishInitView.pang)\n\n*   [![Image 6](https://front.coupangcdn.com/front-web-next/_next/static/media/cart.ccef8f9e.png)_0_ 장바구니](https://cart.coupang.com/cartView.pang)\n\n  \n\n    *   장바구니에 담긴 상품이 없습니다.\n\n[장바구니 전체보기](https://cart.coupang.com/cartView.pang)\n\n[](https://www.coupang.com/np/search?q=%EC%8A%A4%ED%85%8C%EC%9D%B4%ED%81%AC%EC%9A%A9&channel=user)\n\n*   [![Image 7: 쿠팡플레이](https://image.coupangcdn.com/image/coupang/home/icons/web/kr/coupang-play.png)쿠팡플레이](https://www.coupangplay.com/catalog)\n*   [![Image 8: 로켓배송](https://image.coupangcdn.com/image/coupang/home/icons/web/kr/rocket-delivery.png)로켓배송](https://www.coupang.com/np/campaigns/82)\n*   [![Image 9: 로켓프레시](https://image.coupangcdn.com/image/coupang/home/icons/web/kr/rocket-fresh.png)로켓프레시](https://www.coupang.com/np/categories/393760)\n*   [![Image 10: 크리스마스](https://image.coupangcdn.com/image/coupang/home/icons/Christmas/Christmas_PC_2025.png)크리스마스](https://pages.coupang.com/p/158677)\n*   [![Image 11: 다시 구매](https://image.coupangcdn.com/image/coupang/common/fbi_icon_3x.png)다시 구매](https://www.coupang.com/np/fbi?sourceType=home_section_fbi)\n*   [![Image 12: 쿠팡비즈](https://image.coupangcdn.com/image/coupang/home/icons/web/kr/biz.png)쿠팡비즈](https://login.coupang.com/corporation/member/landing-page)\n*   [![Image 13: 로켓직구](https://image.coupangcdn.com/image/coupang/home/icons/web/kr/oversea-delivery.png)로켓직구](https://www.coupang.com/np/coupangglobal)\n*   [![Image 14: 골드박스](https://image.coupangcdn.com/image/coupang/home/icons/web/kr/gold-box.png)골드박스](https://pages.coupang.com/p/121237?sourceType=gm_crm_goldbox&subSourceType=gm_crm_gwsrtcut)\n*   [![Image 15: 이달의신상](https://image.coupangcdn.com/image/coupang/home/icons/web/kr/new-item-of-month.png)이달의신상](https://pages.coupang.com/p/136938)\n*   [![Image 16: 판매자특가](https://image.coupangcdn.com/image/coupang/home/icons/web/kr/omp.png)판매자특가](https://www.coupang.com/np/omp)\n*   [![Image 17: 와우회원할인](https://image.coupangcdn.com/image/coupang/home/icons/web/kr/wow.png)와우회원할인](https://www.coupang.com/np/campaigns/83)\n*   [![Image 18: 이벤트/쿠폰](https://image.coupangcdn.com/image/coupang/home/icons/web/kr/benefit.png)이벤트/쿠폰](https://www.coupang.com/np/coupangbenefit)\n*   [![Image 19: 반품마켓](https://image.coupangcdn.com/image/coupang/home/icons/web/kr/returned-market.png)반품마켓](https://pages.coupang.com/p/54908)\n*   [![Image 20: 착한상점](https://image.coupangcdn.com/image/coupang/home/icons/web/kr/sustainable-market.png)착한상점](https://pages.coupang.com/p/63240)\n*   [![Image 21: 기획전](https://image.coupangcdn.com/image/coupang/home/icons/web/kr/event.png)기획전](https://pages.coupang.com/p/bep?sourceType=gm_crm_oms&subSourceType=gm_crm_gwsrtcut)\n*   [![Image 22: 쿠팡트래블](https://image.coupangcdn.com/image/coupang/home/icons/web/kr/travel.png)쿠팡트래블](https://trip.coupang.com/?channel=gnb)\n*   [![Image 23: 입점신청](https://image.coupangcdn.com/image/coupang/home/icons/web/kr/sell-on-coupang.png)입점신청](https://wing.coupang.com/tenants/vendor-signup/signup?utm_source=button_pc_coupang_shortcut_1&utm_medium=non_paid&utm_id=onsite_ca&utm_content=202411)\n\n[](https://www.coupang.com/np/search?q=%EC%8A%A4%ED%85%8C%EC%9D%B4%ED%81%AC%EC%9A%A9&channel=user)\n\n[전체](https://www.coupang.com/np/search?q=%EC%8A%A4%ED%85%8C%EC%9D%B4%ED%81%AC%EC%9A%A9&channel=user#)\n*   [전체](https://www.coupang.com/np/search?q=%EC%8A%A4%ED%85%8C%EC%9D%B4%ED%81%AC%EC%9A%A9&channel=user#)\n\n전체삭제 최근검색어끄기\n\n[](https://www.coupang.com/np/search?q=%EC%8A%A4%ED%85%8C%EC%9D%B4%ED%81%AC%EC%9A%A9&channel=user)![Image 24](https://front.coupangcdn.com/front-web-next/_next/static/media/search.85cd3dbf.png)\n\n[스테이크용소고기](https://www.coupang.com/np/search?q=%EC%8A%A4%ED%85%8C%EC%9D%B4%ED%81%AC%EC%9A%A9%EC%86%8C%EA%B3%A0%EA%B8%B0&channel=undefined \"스테이크용소고기\")[소고기스테이크용](https://www.coupang.com/np/search?q=%EC%86%8C%EA%B3%A0%EA%B8%B0%EC%8A%A4%ED%85%8C%EC%9D%B4%ED%81%AC%EC%9A%A9&channel=undefined \"소고기스테이크용\")[스테이크](https://www.coupang.com/np/search?q=%EC%8A%A4%ED%85%8C%EC%9D%B4%ED%81%AC&channel=undefined \"스테이크\")[소고기](https://www.coupang.com/np/search?q=%EC%86%8C%EA%B3%A0%EA%B8%B0&channel=undefined \"소고기\")[한우](https://www.coupang.com/np/search?q=%ED%95%9C%EC%9A%B0&channel=undefined \"한우\")[부채살](https://www.coupang.com/np/search?q=%EB%B6%80%EC%B1%84%EC%82%B4&channel=undefined \"부채살\")[소고기구이용](https://www.coupang.com/np/search?q=%EC%86%8C%EA%B3%A0%EA%B8%B0%EA%B5%AC%EC%9D%B4%EC%9A%A9&channel=undefined \"소고기구이용\")[소고기스테이크](https://www.coupang.com/np/search?q=%EC%86%8C%EA%B3%A0%EA%B8%B0%EC%8A%A4%ED%85%8C%EC%9D%B4%ED%81%AC&channel=undefined \"소고기스테이크\")[등심](https://www.coupang.com/np/search?q=%EB%93%B1%EC%8B%AC&channel=undefined \"등심\")\n\n[](https://www.coupang.com/np/search?q=%EC%8A%A4%ED%85%8C%EC%9D%B4%ED%81%AC%EC%9A%A9&channel=user)\n\n*   [![Image 25: 쿠팡플레이](https://image.coupangcdn.com/image/coupang/home/icons/web/kr/coupang-play.png)쿠팡플레이](https://www.coupangplay.com/catalog)\n*   [![Image 26: 로켓배송](https://image.coupangcdn.com/image/coupang/home/icons/web/kr/rocket-delivery.png)로켓배송](https://www.coupang.com/np/campaigns/82)\n*   [![Image 27: 로켓프레시](https://image.coupangcdn.com/image/coupang/home/icons/web/kr/rocket-fresh.png)로켓프레시](https://www.coupang.com/np/categories/393760)\n*   [![Image 28: 크리스마스](https://image.coupangcdn.com/image/coupang/home/icons/Christmas/Christmas_PC_2025.png)크리스마스](https://pages.coupang.com/p/158677)\n*   [![Image 29: 다시 구매](https://image.coupangcdn.com/image/coupang/common/fbi_icon_3x.png)다시 구매](https://www.coupang.com/np/fbi?sourceType=home_section_fbi)\n*   [![Image 30: 쿠팡비즈](https://image.coupangcdn.com/image/coupang/home/icons/web/kr/biz.png)쿠팡비즈](https://login.coupang.com/corporation/member/landing-page)\n*   [![Image 31: 로켓직구](https://image.coupangcdn.com/image/coupang/home/icons/web/kr/oversea-delivery.png)로켓직구](https://www.coupang.com/np/coupangglobal)\n*   [![Image 32: 골드박스](https://image.coupangcdn.com/image/coupang/home/icons/web/kr/gold-box.png)골드박스](https://pages.coupang.com/p/121237?sourceType=gm_crm_goldbox&subSourceType=gm_crm_gwsrtcut)\n*   [![Image 33: 이달의신상](https://image.coupangcdn.com/image/coupang/home/icons/web/kr/new-item-of-month.png)이달의신상](https://pages.coupang.com/p/136938)\n*   [![Image 34: 판매자특가](https://image.coupangcdn.com/image/coupang/home/icons/web/kr/omp.png)판매자특가](https://www.coupang.com/np/omp)\n*   [![Image 35: 와우회원할인](https://image.coupangcdn.com/image/coupang/home/icons/web/kr/wow.png)와우회원할인](https://www.coupang.com/np/campaigns/83)\n*   [![Image 36: 이벤트/쿠폰](https://image.coupangcdn.com/image/coupang/home/icons/web/kr/benefit.png)이벤트/쿠폰](https://www.coupang.com/np/coupangbenefit)\n*   [![Image 37: 반품마켓](https://image.coupangcdn.com/image/coupang/home/icons/web/kr/returned-market.png)반품마켓](https://pages.coupang.com/p/54908)\n*   [![Image 38: 착한상점](https://image.coupangcdn.com/image/coupang/home/icons/web/kr/sustainable-market.png)착한상점](https://pages.coupang.com/p/63240)\n*   [![Image 39: 기획전](https://image.coupangcdn.com/image/coupang/home/icons/web/kr/event.png)기획전](https://pages.coupang.com/p/bep?sourceType=gm_crm_oms&subSourceType=gm_crm_gwsrtcut)\n*   [![Image 40: 쿠팡트래블](https://image.coupangcdn.com/image/coupang/home/icons/web/kr/travel.png)쿠팡트래블](https://trip.coupang.com/?channel=gnb)\n*   [![Image 41: 입점신청](https://image.coupangcdn.com/image/coupang/home/icons/web/kr/sell-on-coupang.png)입점신청](https://wing.coupang.com/tenants/vendor-signup/signup?utm_source=button_pc_coupang_shortcut_1&utm_medium=non_paid&utm_id=onsite_ca&utm_content=202411)\n\n[](https://www.coupang.com/np/search?q=%EC%8A%A4%ED%85%8C%EC%9D%B4%ED%81%AC%EC%9A%A9&channel=user)\n\n[장바구니 _0_](https://cart.coupang.com/cartView.pang)\n\n최근본상품 _0_\n\n*   최근본 상품이\n\n없습니다.\n\n/[prev](https://www.coupang.com/np/%EC%9D%B4%EC%A0%84%20%ED%8E%98%EC%9D%B4%EC%A7%80%20%EB%B3%B4%EA%B8%B0)[next](https://www.coupang.com/np/%EB%8B%A4%EC%9D%8C%20%ED%8E%98%EC%9D%B4%EC%A7%80%20%EB%B3%B4%EA%B8%B0)\n\n[![Image 42: Coupang](https://image7.coupangcdn.com/image/coupang/common/logo_coupang_w350.png)](https://www.coupang.com/)\n\n[전체](https://www.coupang.com/np/search?q=%EC%8A%A4%ED%85%8C%EC%9D%B4%ED%81%AC%EC%9A%A9&channel=user)\n\n전체삭제 최근검색어끄기\n\n[](https://www.coupang.com/np/search?q=%EC%8A%A4%ED%85%8C%EC%9D%B4%ED%81%AC%EC%9A%A9&channel=user)![Image 43](https://front.coupangcdn.com/front-web-next/_next/static/media/search.85cd3dbf.png)\n\n[스테이크용소고기](https://www.coupang.com/np/search?q=%EC%8A%A4%ED%85%8C%EC%9D%B4%ED%81%AC%EC%9A%A9%EC%86%8C%EA%B3%A0%EA%B8%B0&channel=undefined \"스테이크용소고기\")[소고기스테이크용](https://www.coupang.com/np/search?q=%EC%86%8C%EA%B3%A0%EA%B8%B0%EC%8A%A4%ED%85%8C%EC%9D%B4%ED%81%AC%EC%9A%A9&channel=undefined \"소고기스테이크용\")[스테이크](https://www.coupang.com/np/search?q=%EC%8A%A4%ED%85%8C%EC%9D%B4%ED%81%AC&channel=undefined \"스테이크\")[소고기](https://www.coupang.com/np/search?q=%EC%86%8C%EA%B3%A0%EA%B8%B0&channel=undefined \"소고기\")[한우](https://www.coupang.com/np/search?q=%ED%95%9C%EC%9A%B0&channel=undefined \"한우\")[부채살](https://www.coupang.com/np/search?q=%EB%B6%80%EC%B1%84%EC%82%B4&channel=undefined \"부채살\")[소고기구이용](https://www.coupang.com/np/search?q=%EC%86%8C%EA%B3%A0%EA%B8%B0%EA%B5%AC%EC%9D%B4%EC%9A%A9&channel=undefined \"소고기구이용\")[소고기스테이크](https://www.coupang.com/np/search?q=%EC%86%8C%EA%B3%A0%EA%B8%B0%EC%8A%A4%ED%85%8C%EC%9D%B4%ED%81%AC&channel=undefined \"소고기스테이크\")[등심](https://www.coupang.com/np/search?q=%EB%93%B1%EC%8B%AC&channel=undefined \"등심\")\n\n*   [전체](https://www.coupang.com/np/search?q=%EC%8A%A4%ED%85%8C%EC%9D%B4%ED%81%AC%EC%9A%A9&channel=user)\n\n**'스테이크용'**\n\n#### 필터\n\n*   ![Image 44: rocket_luxury,rocket,coupang_global](https://image.coupangcdn.com/image/badges/falcon/v1/web/rocket-all@2x.png) \n\n    *   ![Image 45: rocket_luxury](https://image.coupangcdn.com/image/coupang/rds/logo/iphone_2x/rds_logo_rlux_light_101719300269126@2x.png)만 보기 \n    *   ![Image 46: rocket](https://image.coupangcdn.com/image/badges/falcon/v1/web/txt_rocket@2x.png)만 보기 \n    *   ![Image 47: coupang_global](https://image.coupangcdn.com/image/badges/falcon/v1/web/txt_jikgu@2x.png)만 보기 \n\n*   ![Image 48: top_brand](https://image.coupangcdn.com/image/badges/top_brand/c-avenue.svg) \n*   무료배송 \n\n##### 카테고리\n\n*   [전체](https://www.coupang.com/) \n*   [식품](https://www.coupang.com/np/categories/194276) \n*   [헬스/건강식품](https://www.coupang.com/np/categories/305798) \n*   [쿠팡수입](https://www.coupang.com/np/categories/510691) \n*   [싱글라이프](https://www.coupang.com/np/categories/433784) \n*   [미세먼지용품](https://www.coupang.com/np/campaigns/17593) \n*   [로켓직구](https://www.coupang.com/np/coupangglobal) \n*   [주방용품](https://www.coupang.com/np/categories/185669) \n*   [결혼준비](https://www.coupang.com/np/categories/416130) \n*   [생활용품](https://www.coupang.com/np/categories/115673) \n*   [가전디지털](https://www.coupang.com/np/categories/178255) \n*   [스포츠/레저](https://www.coupang.com/np/categories/317778) \n*   [홈인테리어](https://www.coupang.com/np/categories/184555) \n*   [문구/오피스](https://www.coupang.com/np/categories/177295) \n*   [반려동물용품](https://www.coupang.com/np/categories/115674) \n*   [홈카페](https://www.coupang.com/np/categories/316168) \n*   [완구/취미](https://www.coupang.com/np/categories/317779) \n*   [실버스토어](https://www.coupang.com/np/categories/383370) \n*   [출산/유아동](https://www.coupang.com/np/categories/221934) \n*   [패션의류/잡화](https://www.coupang.com/np/categories/564653) \n*   [아트/공예](https://www.coupang.com/np/categories/410273) \n*   [뷰티](https://www.coupang.com/np/categories/176522) \n*   [자동차용품](https://www.coupang.com/np/categories/184060) \n*   [도서/음반/DVD](https://www.coupang.com/np/categories/317777) \n*   [R.LUX](https://www.coupang.com/np/campaigns/18530) \n\n+ 더보기\n\n##### 브랜드\n\n*   미트엔조이 \n*   미트지엥 \n*   푸드랩플러스 \n*   gomgom \n*   설화우 \n*   농협 \n*   목우촌 \n*   호주청정우 \n*   설성목장 \n*   서티파이드앵거스비프 \n*   푸드장 \n*   프레시지 \n*   동원홈푸드 \n*   육교시 \n*   생생한우 \n*   이로우 \n*   보리육촌 \n*   미트프로젝트 \n*   참연담소 \n*   미트아울렛 \n\n+ 더보기\n\n##### 상품 상태\n\n*   새 상품 \n*   박스 훼손 \n*   반품 \n*   중고 \n\n##### 낱개상품 여부\n\n*   낱개상품 \n\n##### 총 중량\n\n*   300g 이하 \n*   300~500g \n*   500~700g \n*   700~1kg \n*   1~3kg \n*   3kg 이상 \n\n##### 보관방식\n\n*   냉장보관 \n*   냉동보관 \n*   실온보관 \n\n##### 부위\n\n*   살치살 \n*   갈비 \n*   우둔살 \n*   안심 \n*   부채살 \n*   채끝 \n*   토시살 \n*   안창살 \n*   등심 \n*   치마살 \n*   업진살 \n*   제비추리 \n*   양지 \n*   사태 \n*   설도 \n*   목심 \n*   앞다리살 \n*   꼬리 \n\n+ 더보기\n\n##### 용도\n\n*   구이용 \n*   스테이크 \n*   국거리 \n*   불고기/샤브샤브 \n*   다짐육 \n*   이유식재료 \n*   찜/장조림 \n*   사골/곰탕 \n*   큐브/찹스테이크 \n\n+ 더보기\n\n##### 가공방식\n\n*   일반 \n*   시즈닝 \n*   양념 \n\n##### 축산물 원산지\n\n*   국내산 \n*   수입산 \n\n##### 한우 등급\n\n*   1++등급 \n*   1+등급 \n*   1등급 \n*   2등급 \n\n##### 종류\n\n*   소 \n*   돼지 \n\n##### 유기농/친환경 등\n\n*   인증 있음 \n\n##### 별점\n\n*   별점 전체 \n*   4점 이상 \n*   3점 이상 \n*   2점 이상 \n*   1점 이상 \n\n##### 가격\n\n*   가격 전체 \n*   2만원 이하 \n*   2만원~4만원 \n*   4만원~6만원 \n*   6만원~8만원 \n*   8만원 이상 \n\n~원 검색 \n\n현재 검색 결과에 만족하셨나요?\n\n어떤 문제가 있었나요?\n\n*   필터가 도움이 안 돼요\n*   관련 없는 상품이 있어요\n*   추천해준 검색어가 도움이 안 돼요\n*   이미지나 정보가 부정확해요\n*   기타 원하는 옵션이 없어요\n\n**'스테이크용'**에 대한 검색결과\n====================\n\n연관검색어: [스테이크용소고기](https://www.coupang.com/np/search?q=%EC%8A%A4%ED%85%8C%EC%9D%B4%ED%81%AC%EC%9A%A9%EC%86%8C%EA%B3%A0%EA%B8%B0&channel=relate \"스테이크용소고기\")[소고기스테이크용](https://www.coupang.com/np/search?q=%EC%86%8C%EA%B3%A0%EA%B8%B0%EC%8A%A4%ED%85%8C%EC%9D%B4%ED%81%AC%EC%9A%A9&channel=relate \"소고기스테이크용\")[스테이크](https://www.coupang.com/np/search?q=%EC%8A%A4%ED%85%8C%EC%9D%B4%ED%81%AC&channel=relate \"스테이크\")[소고기](https://www.coupang.com/np/search?q=%EC%86%8C%EA%B3%A0%EA%B8%B0&channel=relate \"소고기\")[한우](https://www.coupang.com/np/search?q=%ED%95%9C%EC%9A%B0&channel=relate \"한우\")[부채살](https://www.coupang.com/np/search?q=%EB%B6%80%EC%B1%84%EC%82%B4&channel=relate \"부채살\")[소고기구이용](https://www.coupang.com/np/search?q=%EC%86%8C%EA%B3%A0%EA%B8%B0%EA%B5%AC%EC%9D%B4%EC%9A%A9&channel=relate \"소고기구이용\")[소고기스테이크](https://www.coupang.com/np/search?q=%EC%86%8C%EA%B3%A0%EA%B8%B0%EC%8A%A4%ED%85%8C%EC%9D%B4%ED%81%AC&channel=relate \"소고기스테이크\")[등심](https://www.coupang.com/np/search?q=%EB%93%B1%EC%8B%AC&channel=relate \"등심\")\n\n배송비 포함 \n\n*   쿠팡 랭킹순 \n\n설명 \n\n쿠팡 랭킹순은 판매 실적, 고객 선호도, 상품 경쟁력 및\n\n검색 정확도 등을 종합적으로 고려한 것입니다.\n    *   판매 실적 : 상품의 구매 건수\n    *   고객 선호도 : 상품 및 판매자에 대한 고객평가 등\n    *   상품 경쟁력 : 상품 가격, 배송 기간 등\n    *   검색 정확도 : 검색어와 상품 간 연관도 등\n\n이 밖에 쿠팡 랭킹순에는 고객의 편의 및 만족도\n\n향상을 위한 추가적인 요소가 수시로 반영될 수 있습니다.\n\n*   낮은가격순 \n*   높은가격순 \n*   판매량순 \n*   최신순 \n\n*   36 개씩 보기 \n*   48 개씩 보기 \n*   60 개씩 보기 \n*   72 개씩 보기 \n\n필터\n\n![Image 49](https://thumbnail7.coupangcdn.com/thumbnails/remote/292x292q65ex/image/retail/images/76741167156261-bee4a478-7186-474d-8e07-966ccb239b5f.jpg)\n\n미국산 초이스 부채살 스테이크용 (냉장), 1kg, 2개\n\n![Image 50](http://image14.coupangcdn.com/image/coupang/rds/logo/xxxhdpi/logo_fresh_medium.png)\n\n오늘(토) 도착 보장\n\n(6,881)\n\n![Image 51](http://image2.coupangcdn.com/image/cmg/srp/topBanner/android/cta_arrow_xxxhdpi.png)\n\n광고\n\n![Image 52](https://image.coupangcdn.com/image/cmg/common/tooltip-icon@2x.png)\n\n*   [![Image 53: 도담우 국내산 안심 소고기 안심스테이크 구이용 (와사비솔트 증정), 1개, 200g](https://thumbnail.coupangcdn.com/thumbnails/remote/320x320ex/image/vendor_inventory/757c/861892af05ed21b10366bd589d678df1888ed616b58ae4ad4cf678bba985.png) 도담우 국내산 안심 소고기 안심스테이크 구이용 (와사비솔트 증정), 1개, 200g ~~24,000원~~ 16% 20,000원 (100g당 10,000원) 12/2(화) 도착 예정 무료배송 ∙ 오늘출발 4.5 (15) 쿠팡으로부터 광고 서비스를 구매한 제휴업체의 판매상품으로 일반 상품보다 우선 정렬됩니다. AD](https://www.coupang.com/vp/products/9021041693?itemId=26449903797&vendorItemId=93425381660&sourceType=srp_product_ads&clickEventId=450dee70-cc7b-11f0-96d2-94ab841bae45&korePlacement=15&koreSubPlacement=1&clickEventId=450dee70-cc7b-11f0-96d2-94ab841bae45&korePlacement=15&koreSubPlacement=1)\n*   [![Image 54: 푸드랩플러스 호주산 곡물 살치살 스테이크 (냉장), 400g, 1개](https://thumbnail.coupangcdn.com/thumbnails/remote/320x320ex/image/retail/images/2021/09/03/17/9/13a89477-f201-4730-bf66-8b3b1f699e02.jpg) 푸드랩플러스 호주산 곡물 살치살 스테이크 (냉장), 400g, 1개 ~~29,900원~~ 38% 18,260원 (100g당 4,565원) ![Image 55](https://image.coupangcdn.com/image/badges/falcon/v1/web/rocket-fresh@2x.png) 오늘(토) 도착 보장 4.5 (10711) 1](https://www.coupang.com/vp/products/8032860067?itemId=11209122095&vendorItemId=78486692281&q=%EC%8A%A4%ED%85%8C%EC%9D%B4%ED%81%AC%EC%9A%A9&searchId=e6d7e4a7487121&sourceType=search&itemsCount=36&searchRank=1&rank=1)\n*   [![Image 56: 미국산 초이스 부채살 스테이크용 (냉장), 1kg, 1개](https://thumbnail.coupangcdn.com/thumbnails/remote/320x320ex/image/retail/images/76687135102538-69d77abc-2ed0-4074-8772-461d82aff570.jpg)![Image 57](https://image.coupangcdn.com/image/badges/cou_pick/web/coupick@2x.png) 미국산 초이스 부채살 스테이크용 (냉장), 1kg, 1개 ~~47,000원~~ 40% 27,990원 (100g당 2,799원) ![Image 58](https://image.coupangcdn.com/image/badges/falcon/v1/web/rocket-fresh@2x.png) 오늘(토) 도착 보장 4.5 (6881) 2](https://www.coupang.com/vp/products/7216851625?itemId=18278217109&vendorItemId=85424229460&pickType=COU_PICK&q=%EC%8A%A4%ED%85%8C%EC%9D%B4%ED%81%AC%EC%9A%A9&searchId=e6d7e4a7487121&sourceType=search&itemsCount=36&searchRank=2&rank=2)\n*   [![Image 59: 미트엔조이 미국산 프라임 등심 스테이크 (냉장), 500g, 1개](https://thumbnail.coupangcdn.com/thumbnails/remote/320x320ex/image/retail/images/2019/05/14/15/2/d49d9f76-b9ba-494a-8d66-e1fd289a1a2f.jpg) 미트엔조이 미국산 프라임 등심 스테이크 (냉장), 500g, 1개 ~~29,900원~~ 20% 23,740원 (100g당 4,748원) ![Image 60](https://image.coupangcdn.com/image/badges/falcon/v1/web/rocket-fresh@2x.png) 오늘(토) 도착 보장 4.5 (14372) 3](https://www.coupang.com/vp/products/222509741?itemId=697604827&vendorItemId=4781784498&q=%EC%8A%A4%ED%85%8C%EC%9D%B4%ED%81%AC%EC%9A%A9&searchId=e6d7e4a7487121&sourceType=search&itemsCount=36&searchRank=3&rank=3)\n*   [![Image 61: 푸드랩플러스 호주산 곡물 살치살 스테이크 (냉장), 400g, 2개](https://thumbnail.coupangcdn.com/thumbnails/remote/320x320ex/image/retail/images/96fb4ba4-695a-4b0c-ad23-33de0bd680c7360628145242597189.png) 푸드랩플러스 호주산 곡물 살치살 스테이크 (냉장), 400g, 2개 ~~59,800원~~ 38% 36,520원 (100g당 4,565원) ![Image 62](https://image.coupangcdn.com/image/badges/falcon/v1/web/rocket-fresh@2x.png) 오늘(토) 도착 보장 4.5 (10711) 4](https://www.coupang.com/vp/products/8032860067?itemId=19225416791&vendorItemId=86342065220&q=%EC%8A%A4%ED%85%8C%EC%9D%B4%ED%81%AC%EC%9A%A9&searchId=e6d7e4a7487121&sourceType=search&itemsCount=36&searchRank=4&rank=4)\n*   [![Image 63: 미국산 초이스 부채살 스테이크 1kg, 1개](https://thumbnail.coupangcdn.com/thumbnails/remote/320x320ex/image/retail/images/52556636377475-d8361541-e949-489c-abc5-7e84e2325a7a.jpg) 미국산 초이스 부채살 스테이크 1kg, 1개 ~~39,900원~~ 29% 27,990원 (100g당 2,799원) ![Image 64](https://image.coupangcdn.com/image/badges/falcon/v1/web/rocket-fresh@2x.png) 오늘(토) 도착 보장 4.5 (340) 5](https://www.coupang.com/vp/products/8660635608?itemId=25137710581&vendorItemId=92136699609&q=%EC%8A%A4%ED%85%8C%EC%9D%B4%ED%81%AC%EC%9A%A9&searchId=e6d7e4a7487121&sourceType=search&itemsCount=36&searchRank=5&rank=5)\n*   [![Image 65: 호주산 부채살 스테이크용 (냉장), 600g, 1개](https://thumbnail.coupangcdn.com/thumbnails/remote/320x320ex/image/retail/images/244699880454436-e9d5b713-ee4d-44c3-a785-a238dcb09c54.jpg) 호주산 부채살 스테이크용 (냉장), 600g, 1개 ~~29,590원~~ 27% 21,400원 (100g당 3,567원) ![Image 66](https://image.coupangcdn.com/image/badges/falcon/v1/web/rocket-fresh@2x.png) 오늘(토) 도착 보장 4.5 (15205) 6](https://www.coupang.com/vp/products/7538803722?itemId=22350737420&vendorItemId=89395861077&q=%EC%8A%A4%ED%85%8C%EC%9D%B4%ED%81%AC%EC%9A%A9&searchId=e6d7e4a7487121&sourceType=search&itemsCount=36&searchRank=6&rank=6)\n*   [![Image 67: 미트지엥 건강한 소고기 채끝 시즈닝 스테이크 (냉장), 200g, 1개](https://thumbnail.coupangcdn.com/thumbnails/remote/320x320ex/image/retail/images/2022/11/07/11/0/d3a20ed9-fa37-4042-b3f9-06abc005ad4e.jpg) 미트지엥 건강한 소고기 채끝 시즈닝 스테이크 (냉장), 200g, 1개 할인~~10,800원~~ 9% 9,800원 (100g당 4,900원) ![Image 68](https://image.coupangcdn.com/image/badges/falcon/v1/web/rocket-fresh@2x.png) 오늘(토) 도착 보장 4.5 (1190) 7](https://www.coupang.com/vp/products/6904811367?itemId=16618748922&vendorItemId=83803355774&q=%EC%8A%A4%ED%85%8C%EC%9D%B4%ED%81%AC%EC%9A%A9&searchId=e6d7e4a7487121&sourceType=search&itemsCount=36&searchRank=7&rank=7)\n*   [![Image 69: 미국산 살치살 스테이크용 (냉장), 300g, 1개](https://thumbnail.coupangcdn.com/thumbnails/remote/320x320ex/image/retail/images/282969532966041-b32a2e7a-3d16-4173-adb9-a3e86cd4db85.jpg) 미국산 살치살 스테이크용 (냉장), 300g, 1개 ~~22,350원~~ 21% 17,450원 (100g당 5,817원) ![Image 70](https://image.coupangcdn.com/image/badges/falcon/v1/web/rocket-fresh@2x.png) 오늘(토) 도착 보장 4.5 (24602) 8](https://www.coupang.com/vp/products/8034505075?itemId=22475429179&vendorItemId=89518094724&q=%EC%8A%A4%ED%85%8C%EC%9D%B4%ED%81%AC%EC%9A%A9&searchId=e6d7e4a7487121&sourceType=search&itemsCount=36&searchRank=8&rank=8)\n*   [![Image 71: 미국산 메가 부채살 스테이크용 (냉장), 600g, 1개](https://thumbnail.coupangcdn.com/thumbnails/remote/320x320ex/image/retail/images/397641833360229-9af5fd64-1073-46ef-b01e-2974c17e85a2.jpg) 미국산 메가 부채살 스테이크용 (냉장), 600g, 1개 ~~28,200원~~ 29% 19,890원 (100g당 3,315원) ![Image 72](https://image.coupangcdn.com/image/badges/falcon/v1/web/rocket-fresh@2x.png) 오늘(토) 도착 보장 5 (250) 9](https://www.coupang.com/vp/products/7956716081?itemId=21984569803&vendorItemId=89032161795&q=%EC%8A%A4%ED%85%8C%EC%9D%B4%ED%81%AC%EC%9A%A9&searchId=e6d7e4a7487121&sourceType=search&itemsCount=36&searchRank=9&rank=9)\n*   [![Image 73: [초이스등급] 와이즈 결결이 부드러운 미국산 부채살 스테이크용, 2개, 500g](https://thumbnail.coupangcdn.com/thumbnails/remote/320x320ex/image/vendor_inventory/2a99/82bf6fee042e3c4c2c8d8ccc4d55fe85d53633e6d5a5172d0c8556fd3748.png) [초이스등급] 와이즈 결결이 부드러운 미국산 부채살 스테이크용, 2개, 500g 할인~~80,000원~~ 48% 41,430원 (100g당 4,143원) 12/4(목) 도착 예정 무료배송 5 (1) 10](https://www.coupang.com/vp/products/9118668374?itemId=26821495362&vendorItemId=93791670840&q=%EC%8A%A4%ED%85%8C%EC%9D%B4%ED%81%AC%EC%9A%A9&searchId=e6d7e4a7487121&sourceType=search&itemsCount=36&searchRank=10&rank=10)\n*   [![Image 74: 미국산 메가 척아이롤 (냉장), 1개, 1kg](https://thumbnail.coupangcdn.com/thumbnails/remote/320x320ex/image/rs_quotation_api/hjk5zg5o/434311e6d86d4d7188f8263e1f48b2a1.jpg) 미국산 메가 척아이롤 (냉장), 1개, 1kg ~~42,670원~~ 39% 25,990원 (100g당 2,599원) ![Image 75](https://image.coupangcdn.com/image/badges/falcon/v1/web/rocket-fresh@2x.png) 오늘(토) 도착 보장 4.5 (573)](https://www.coupang.com/vp/products/8223051908?itemId=23640812854&vendorItemId=90666227631&q=%EC%8A%A4%ED%85%8C%EC%9D%B4%ED%81%AC%EC%9A%A9&searchId=e6d7e4a7487121&sourceType=search&itemsCount=36&searchRank=11&rank=11)\n*   [![Image 76: 곰곰 호주산 소고기 안심 스테이크용 (냉장), 300g, 1개](https://thumbnail.coupangcdn.com/thumbnails/remote/320x320ex/image/retail/images/872941473544487-5f9b60d7-d0f0-4a76-96e8-889427a5f7a3.jpg) 곰곰 호주산 소고기 안심 스테이크용 (냉장), 300g, 1개 ~~19,000원~~ 8% 17,320원 (100g당 5,773원) ![Image 77](https://image.coupangcdn.com/image/badges/falcon/v1/web/rocket-fresh@2x.png) 오늘(토) 도착 보장 4.5 (481)](https://www.coupang.com/vp/products/8308632352?itemId=23972924493&vendorItemId=90994261415&q=%EC%8A%A4%ED%85%8C%EC%9D%B4%ED%81%AC%EC%9A%A9&searchId=e6d7e4a7487121&sourceType=search&itemsCount=36&searchRank=12&rank=12)\n*   [![Image 78: 미트엔조이 호주산 안심 스테이크 (냉장), 150g, 2개](https://thumbnail.coupangcdn.com/thumbnails/remote/320x320ex/image/retail/images/00dd3f8e-b0e9-480c-ac3f-56cb2f99d6232934876873180099677.png)202원 캐시 적립 미트엔조이 호주산 안심 스테이크 (냉장), 150g, 2개 21,200원 (100g당 7,067원) 1,000원 와우 가입 쿠폰 ![Image 79](https://image.coupangcdn.com/image/badges/falcon/v1/web/rocket-fresh@2x.png) 오늘(토) 도착 보장 4.5 (7046)](https://www.coupang.com/vp/products/1131265475?itemId=19224578756&vendorItemId=86341241778&q=%EC%8A%A4%ED%85%8C%EC%9D%B4%ED%81%AC%EC%9A%A9&searchId=e6d7e4a7487121&sourceType=search&itemsCount=36&searchRank=13&rank=13)\n*   [![Image 80: 호주산 등심 스테이크용 1kg 베스트비프, 1개](https://thumbnail.coupangcdn.com/thumbnails/remote/320x320ex/image/vendor_inventory/image_audit/advertiser/1752016903797/32b4445f-618a-4fc0-8eb8-00616416d43a.jpg) 호주산 등심 스테이크용 1kg 베스트비프, 1개 ~~24,000원~~ 2% 23,400원 (100g당 2,340원) 배송비 3,500원 조건부 무료배송 12/2(화) 도착 예정 오늘출발 4.5 (802)](https://www.coupang.com/vp/products/70707651?itemId=236296723&vendorItemId=4093614495&q=%EC%8A%A4%ED%85%8C%EC%9D%B4%ED%81%AC%EC%9A%A9&searchId=e6d7e4a7487121&sourceType=search&itemsCount=36&searchRank=14&rank=14)\n*   [![Image 81: 우마왕 한우 안심 스테이크용 1++ 구이용 소고기, 1개, 200g](https://thumbnail.coupangcdn.com/thumbnails/remote/320x320ex/image/vendor_inventory/c68b/ecdfcd6ae101092a03e0272b7bdc404ab9c96504e9b4ac64d23da0f5bca2.jpg) 우마왕 한우 안심 스테이크용 1++ 구이용 소고기, 1개, 200g 쿠폰할인· 20:02:49~~76,000원~~ 34% 49,500원 (100g당 24,750원) 12/2(화) 도착 예정 무료배송 ∙ 오늘출발 ∙ 무료반품 4.5 (2)](https://www.coupang.com/vp/products/9122025719?itemId=26832854866&vendorItemId=93802902802&q=%EC%8A%A4%ED%85%8C%EC%9D%B4%ED%81%AC%EC%9A%A9&searchId=e6d7e4a7487121&sourceType=search&itemsCount=36&searchRank=15&rank=15)\n*   [![Image 82: 미트엔조이 호주산 소고기 척아이롤 (냉장), 300g, 1개](https://thumbnail.coupangcdn.com/thumbnails/remote/320x320ex/image/rs_quotation_api/lethlsyu/04e82f5fb38e4bfcac810a17ea3a3d57.jpg) 미트엔조이 호주산 소고기 척아이롤 (냉장), 300g, 1개 ~~11,100원~~ 11% 9,830원 (100g당 3,277원) ![Image 83](https://image.coupangcdn.com/image/badges/falcon/v1/web/rocket-fresh@2x.png) 오늘(토) 도착 보장 4.5 (6374)](https://www.coupang.com/vp/products/8034505110?itemId=22475429351&vendorItemId=89518094842&q=%EC%8A%A4%ED%85%8C%EC%9D%B4%ED%81%AC%EC%9A%A9&searchId=e6d7e4a7487121&sourceType=search&itemsCount=36&searchRank=16&rank=16)\n*   [![Image 84: 호주산 척아이롤 구이용 (냉장), 1kg, 1개](https://thumbnail.coupangcdn.com/thumbnails/remote/320x320ex/image/retail/images/79499527413190-10e41803-f596-4b6f-910f-298c0fd1291f.jpg) 호주산 척아이롤 구이용 (냉장), 1kg, 1개 ~~39,900원~~ 25% 29,800원 (100g당 2,980원) ![Image 85](https://image.coupangcdn.com/image/badges/falcon/v1/web/rocket-fresh@2x.png) 오늘(토) 도착 보장 4.5 (15683)](https://www.coupang.com/vp/products/7538803732?itemId=19812721275&vendorItemId=86914831967&q=%EC%8A%A4%ED%85%8C%EC%9D%B4%ED%81%AC%EC%9A%A9&searchId=e6d7e4a7487121&sourceType=search&itemsCount=36&searchRank=17&rank=17)\n*   [![Image 86: 고급진 시즈닝 탑블레이드 스테이크 (냉장), 1kg, 1개](https://thumbnail.coupangcdn.com/thumbnails/remote/320x320ex/image/retail/images/21351467856668-4792f738-2b53-4b24-a0e8-be9d2ae5b4c2.jpg) 고급진 시즈닝 탑블레이드 스테이크 (냉장), 1kg, 1개 ~~42,420원~~ 24% 31,990원 (100g당 3,199원) ![Image 87](https://image.coupangcdn.com/image/badges/falcon/v1/web/rocket-fresh@2x.png) 오늘(토) 도착 보장 4.5 (3290)](https://www.coupang.com/vp/products/7008925044?itemId=17216270447&vendorItemId=84388126438&q=%EC%8A%A4%ED%85%8C%EC%9D%B4%ED%81%AC%EC%9A%A9&searchId=e6d7e4a7487121&sourceType=search&itemsCount=36&searchRank=18&rank=18)\n*   [![Image 88: 부채살 스테이크 소포장 식단&헬스 미국산 초이스등급, 1개, 500g](https://thumbnail.coupangcdn.com/thumbnails/remote/320x320ex/image/vendor_inventory/21ee/4fe4d9c9afb6014bb14dd2eac33ff3da0e0e02f2665c3f5ad7e60cc3146b.jpg) 부채살 스테이크 소포장 식단&헬스 미국산 초이스등급, 1개, 500g ~~31,000원~~ 35% 19,900원 (100g당 3,980원) 12/2(화) 도착 예정 무료배송 ∙ 오늘출발 4.5 (62) 쿠팡으로부터 광고 서비스를 구매한 제휴업체의 판매상품으로 일반 상품보다 우선 정렬됩니다. AD](https://www.coupang.com/vp/products/8799290820?itemId=25619920252&vendorItemId=92610230299&sourceType=srp_product_ads&clickEventId=450dee70-cc7b-11f0-824a-97e7286fe651&korePlacement=15&koreSubPlacement=20&clickEventId=450dee70-cc7b-11f0-824a-97e7286fe651&korePlacement=15&koreSubPlacement=20)\n*   [![Image 89: 1++ 최고급 투뿔 한우 모듬세트 500g 부채살 채끝 특수부위 구이용 소고기, 1개](https://thumbnail.coupangcdn.com/thumbnails/remote/320x320ex/image/vendor_inventory/fa8b/67f7e30dcc5c5199f02c5e180af2bfdc42e7df87c9d6addc2d9f3ded3415.png) 1++ 최고급 투뿔 한우 모듬세트 500g 부채살 채끝 특수부위 구이용 소고기, 1개 할인~~60,000원~~ 33% 39,800원 (100g당 7,960원) 12/2(화) 도착 예정 무료배송 ∙ 오늘출발 4.5 (438) 쿠팡으로부터 광고 서비스를 구매한 제휴업체의 판매상품으로 일반 상품보다 우선 정렬됩니다. AD](https://www.coupang.com/vp/products/8715512561?itemId=25313050736&vendorItemId=92090774465&sourceType=srp_product_ads&clickEventId=450dee70-cc7b-11f0-b6e8-bc1b5b74cb1f&korePlacement=15&koreSubPlacement=21&clickEventId=450dee70-cc7b-11f0-b6e8-bc1b5b74cb1f&korePlacement=15&koreSubPlacement=21)\n*   [![Image 90: [예담우] 소고기 국내산 냉장 안심 스테이크 로스 구이용 캠핑, 4개, 250g](https://thumbnail.coupangcdn.com/thumbnails/remote/320x320ex/image/vendor_inventory/fc90/27d26dbd2a1c932fc7ddd4aedeadb4deb6d551144cc38b4a0a69a176fb29.jpg) [예담우] 소고기 국내산 냉장 안심 스테이크 로스 구이용 캠핑, 4개, 250g 할인~~38,900원~~ 12% 34,110원 (100g당 3,411원) 12/4(목) 도착 예정 무료배송 4 (183)](https://www.coupang.com/vp/products/8703375562?itemId=25274863778&vendorItemId=92270510007&q=%EC%8A%A4%ED%85%8C%EC%9D%B4%ED%81%AC%EC%9A%A9&searchId=e6d7e4a7487121&sourceType=search&itemsCount=36&searchRank=21&rank=21)\n*   [![Image 91: [냉장]고기의 황제 솔트에이징 토마호크, 720g, 1개](https://thumbnail.coupangcdn.com/thumbnails/remote/320x320ex/image/vendor_inventory/1b09/6e2b535594ecc07c8422f06ea433dac63d609b2032c02c06b3e5ea2c563f.jpg) [냉장]고기의 황제 솔트에이징 토마호크, 720g, 1개 35,500원 (100g당 4,931원) 배송비 3,000원 조건부 무료배송 12/3(수) 도착 예정 4.5 (22) 쿠팡으로부터 광고 서비스를 구매한 제휴업체의 판매상품으로 일반 상품보다 우선 정렬됩니다. AD](https://www.coupang.com/vp/products/8869262831?itemId=25790628860&vendorItemId=92778388286&sourceType=srp_product_ads&clickEventId=450dee70-cc7b-11f0-af53-34524736f505&korePlacement=15&koreSubPlacement=23&clickEventId=450dee70-cc7b-11f0-af53-34524736f505&korePlacement=15&koreSubPlacement=23)\n*   [![Image 92: 미국산 초이스등급 세절 구이용 안심 200g x 2팩 (2-3인분), 2개](https://thumbnail.coupangcdn.com/thumbnails/remote/320x320ex/image/vendor_inventory/58e5/49fccf86e8d5bd347dc724571881de725eae2d22bdc6fc9f9c483ecfb49e.jpg) 미국산 초이스등급 세절 구이용 안심 200g x 2팩 (2-3인분), 2개 쿠폰할인~~27,750원~~ 33% 18,500원 (100g당 4,625원) 12/3(수) 도착 예정 무료배송](https://www.coupang.com/vp/products/9181870125?itemId=27078947977&vendorItemId=94047218075&q=%EC%8A%A4%ED%85%8C%EC%9D%B4%ED%81%AC%EC%9A%A9&searchId=e6d7e4a7487121&sourceType=search&itemsCount=36&searchRank=23&rank=23)\n*   [![Image 93: 명장의 맛 시즈닝 부채살 스테이크 (냉장), 200g, 1개](https://thumbnail.coupangcdn.com/thumbnails/remote/320x320ex/image/1025_amir_coupang_oct_80k/9ce8/a9d0b5a538101034fb2fe890bd1a967360958ee65cca480fa13e0d632424.jpg) 명장의 맛 시즈닝 부채살 스테이크 (냉장), 200g, 1개 ~~15,900원~~ 44% 8,870원 (100g당 4,435원) ![Image 94](https://image.coupangcdn.com/image/badges/falcon/v1/web/rocket-fresh@2x.png) 오늘(토) 도착 보장 4.5 (3253)](https://www.coupang.com/vp/products/7778215622?itemId=21016249767&vendorItemId=88079762228&q=%EC%8A%A4%ED%85%8C%EC%9D%B4%ED%81%AC%EC%9A%A9&searchId=e6d7e4a7487121&sourceType=search&itemsCount=36&searchRank=24&rank=24)\n*   [![Image 95: 목우촌 국내산 소고기 안심 스테이크용 (냉장), 300g, 1개](https://thumbnail.coupangcdn.com/thumbnails/remote/320x320ex/image/retail/images/2022/10/17/15/8/20f881c7-cde2-4875-9333-1336c5991a64.jpg) 목우촌 국내산 소고기 안심 스테이크용 (냉장), 300g, 1개 ~~49,990원~~ 40% 29,850원 (100g당 9,950원) ![Image 96](https://image.coupangcdn.com/image/badges/falcon/v1/web/rocket-fresh@2x.png) 오늘(토) 도착 보장 5 (2069)](https://www.coupang.com/vp/products/6853353255?itemId=16335580395&vendorItemId=83527502996&q=%EC%8A%A4%ED%85%8C%EC%9D%B4%ED%81%AC%EC%9A%A9&searchId=e6d7e4a7487121&sourceType=search&itemsCount=36&searchRank=25&rank=25)\n*   [![Image 97: 최현석셰프의 Choice 프라임 척아이롤 스테이크 시즈닝 소고기 (냉동) 150g, 6개, 6개](https://thumbnail.coupangcdn.com/thumbnails/remote/320x320ex/image/vendor_inventory/1ffc/e3cf26873a40e49c2457c6d6f1c66c0e0a3e060a89a6247fdcb3d8f9f9df.jpg) 최현석셰프의 Choice 프라임 척아이롤 스테이크 시즈닝 소고기 (냉동) 150g, 6개, 6개 할인~~66,000원~~ 40% 39,510원 (100g당 4,390원) 12/3(수) 도착 예정 무료배송 4.5 (8)](https://www.coupang.com/vp/products/9103931984?itemId=26765157507&vendorItemId=93735974397&q=%EC%8A%A4%ED%85%8C%EC%9D%B4%ED%81%AC%EC%9A%A9&searchId=e6d7e4a7487121&sourceType=search&itemsCount=36&searchRank=26&rank=26)\n*   [![Image 98: 프레시지 더큰 블랙라벨 스테이크 세트 2인분, 580g, 1개](https://thumbnail.coupangcdn.com/thumbnails/remote/320x320ex/image/retail/images/229581415140624-09a8d902-cd76-4e5a-a07c-899125554f45.jpg) 프레시지 더큰 블랙라벨 스테이크 세트 2인분, 580g, 1개 할인· 2일 남음~~19,900원~~ 10% 17,900원 (100g당 3,086원) ![Image 99](https://image.coupangcdn.com/image/badges/falcon/v1/web/rocket-fresh@2x.png) 오늘(토) 도착 보장 4.5 (39513)](https://www.coupang.com/vp/products/273882898?itemId=864058990&vendorItemId=5190040204&q=%EC%8A%A4%ED%85%8C%EC%9D%B4%ED%81%AC%EC%9A%A9&searchId=e6d7e4a7487121&sourceType=search&itemsCount=36&searchRank=27&rank=27)\n*   [![Image 100: 모이다 연어스테이크 국내산 연어 자연산 강원도조업 국산, 2개, 650g](https://thumbnail.coupangcdn.com/thumbnails/remote/320x320ex/image/vendor_inventory/d5e0/11008b87a500bcf728d65ccaabdc2ec4bf58bc3e0731602bcaf1f053a8d0.png) 모이다 연어스테이크 국내산 연어 자연산 강원도조업 국산, 2개, 650g 쿠폰할인· 1일 남음~~70,000원~~ 48% 35,960원 (100g당 2,766원) 12/4(목) 도착 예정 무료배송 4.5 (125)](https://www.coupang.com/vp/products/9069316555?itemId=26606903810&vendorItemId=93576008432&q=%EC%8A%A4%ED%85%8C%EC%9D%B4%ED%81%AC%EC%9A%A9&searchId=e6d7e4a7487121&sourceType=search&itemsCount=36&searchRank=28&rank=28)\n*   [![Image 101: 미트엔조이 호주산 안심 스테이크 (냉장), 150g, 1개](https://thumbnail.coupangcdn.com/thumbnails/remote/320x320ex/image/retail/images/2023/02/21/14/8/5d5e97e6-64d1-40f2-9170-866da51eb806.jpg)96원 캐시 적립 미트엔조이 호주산 안심 스테이크 (냉장), 150g, 1개 12,350원 (100g당 8,233원) 1,000원 와우 가입 쿠폰 ![Image 102](https://image.coupangcdn.com/image/badges/falcon/v1/web/rocket-fresh@2x.png) 오늘(토) 도착 보장 4.5 (7046)](https://www.coupang.com/vp/products/1131265475?itemId=18074171254&vendorItemId=85227325299&q=%EC%8A%A4%ED%85%8C%EC%9D%B4%ED%81%AC%EC%9A%A9&searchId=e6d7e4a7487121&sourceType=search&itemsCount=36&searchRank=29&rank=29)\n*   [![Image 103: 미트홀 부채살 스테이크 1kg (200g X 5팩) 개별소포장, 200g (부채살 스테이크용 2~3cm), 5개](https://thumbnail.coupangcdn.com/thumbnails/remote/320x320ex/image/vendor_inventory/2d5f/353b5631e5623eb152548e4f0888115f708cbe9f30c475a75bfc207d23e2.jpg) 미트홀 부채살 스테이크 1kg (200g X 5팩) 개별소포장, 200g (부채살 스테이크용 2~3cm), 5개 ~~31,900원~~ 6% 29,900원 (100g당 2,990원) 배송비 4,000원 조건부 무료배송 12/3(수) 도착 예정 4.5 (2782)](https://www.coupang.com/vp/products/6245495732?itemId=12631569363&vendorItemId=3322004858&q=%EC%8A%A4%ED%85%8C%EC%9D%B4%ED%81%AC%EC%9A%A9&searchId=e6d7e4a7487121&sourceType=search&itemsCount=36&searchRank=30&rank=30)\n*   [![Image 104: 미트엔조이 호주산 소고기 살치살 스테이크용 (냉장), 300g, 1개](https://thumbnail.coupangcdn.com/thumbnails/remote/320x320ex/image/rs_quotation_api/duciiluk/db48fd6d1c23495dadf4e014d935ba5e.jpg)169원 캐시 적립 미트엔조이 호주산 소고기 살치살 스테이크용 (냉장), 300g, 1개 17,900원 (100g당 5,967원) 1,000원 와우 가입 쿠폰 ![Image 105](https://image.coupangcdn.com/image/badges/falcon/v1/web/rocket-fresh@2x.png) 오늘(토) 도착 보장 4.5 (735) 쿠팡으로부터 광고 서비스를 구매한 제휴업체의 판매상품으로 일반 상품보다 우선 정렬됩니다. AD](https://www.coupang.com/vp/products/8034505101?itemId=22475429311&vendorItemId=89518094816&sourceType=srp_product_ads&clickEventId=450dee70-cc7b-11f0-9b74-f3558a3d92c9&korePlacement=15&koreSubPlacement=37&clickEventId=450dee70-cc7b-11f0-9b74-f3558a3d92c9&korePlacement=15&koreSubPlacement=37)\n*   [![Image 106: [헤비스테이크] 등심 스테이크(냉장 당일발송) 180g 1팩, 1개](https://thumbnail.coupangcdn.com/thumbnails/remote/320x320ex/image/vendor_inventory/4371/dd19607f0ac6c77e348fb8b17a318fc8bed16a496247701bdea9d1fdbe0a.jpg) [헤비스테이크] 등심 스테이크(냉장 당일발송) 180g 1팩, 1개 ~~14,900원~~ 13% 12,900원 (100g당 7,167원) 배송비 3,500원 조건부 무료배송 12/2(화) 도착 예정 오늘출발 4.5 (160) 쿠팡으로부터 광고 서비스를 구매한 제휴업체의 판매상품으로 일반 상품보다 우선 정렬됩니다. AD](https://www.coupang.com/vp/products/7573860664?itemId=19979327365&vendorItemId=76881319100&sourceType=srp_product_ads&clickEventId=450e1580-cc7b-11f0-ab47-354680a521d6&korePlacement=15&koreSubPlacement=38&clickEventId=450e1580-cc7b-11f0-ab47-354680a521d6&korePlacement=15&koreSubPlacement=38)\n*   [![Image 107: 부채살 스테이크 소포장 식단&헬스 미국산 초이스등급, 10개, 100g](https://thumbnail.coupangcdn.com/thumbnails/remote/320x320ex/image/vendor_inventory/ae2a/3f28ecfa4b5dfe76a69f58bad1e4fc22421cb88778dd261a45af81ad8b67.jpg) 부채살 스테이크 소포장 식단&헬스 미국산 초이스등급, 10개, 100g ~~51,100원~~ 29% 35,900원 (100g당 3,590원) 12/2(화) 도착 예정 무료배송 ∙ 오늘출발 4.5 (62) 쿠팡으로부터 광고 서비스를 구매한 제휴업체의 판매상품으로 일반 상품보다 우선 정렬됩니다. AD](https://www.coupang.com/vp/products/8799290820?itemId=25619920247&vendorItemId=92610230261&sourceType=srp_product_ads&clickEventId=450e1580-cc7b-11f0-aabd-c04fdf0a7f97&korePlacement=15&koreSubPlacement=40&clickEventId=450e1580-cc7b-11f0-aabd-c04fdf0a7f97&korePlacement=15&koreSubPlacement=40)\n*   [![Image 108: 곰곰 국내산 소고기 등심 구이용 (냉장), 1개, 300g](https://thumbnail.coupangcdn.com/thumbnails/remote/320x320ex/image/retail/images/75473998338886-3d272731-6aba-43cf-94c9-e31aa19b2c21.jpg) 곰곰 국내산 소고기 등심 구이용 (냉장), 1개, 300g ~~25,900원~~ 36% 16,470원 (100g당 5,490원) ![Image 109](https://image.coupangcdn.com/image/badges/falcon/v1/web/rocket-fresh@2x.png) 오늘(토) 도착 보장 5 (12) 쿠팡으로부터 광고 서비스를 구매한 제휴업체의 판매상품으로 일반 상품보다 우선 정렬됩니다. AD](https://www.coupang.com/vp/products/9130941149?itemId=26867164652&vendorItemId=93836802117&sourceType=srp_product_ads&clickEventId=450e1580-cc7b-11f0-a6c8-44f832ab1667&korePlacement=15&koreSubPlacement=41&clickEventId=450e1580-cc7b-11f0-a6c8-44f832ab1667&korePlacement=15&koreSubPlacement=41)\n*   [![Image 110: 1++ 한우 투뿔 모듬세트 600g 구이용 최고급, 1개](https://thumbnail.coupangcdn.com/thumbnails/remote/320x320ex/image/vendor_inventory/88f2/a913a1e3d80a010a1aef581b6c2553946d31726d01ecd391db112c92ef03.png) 1++ 한우 투뿔 모듬세트 600g 구이용 최고급, 1개 할인~~150,000원~~ 57% 64,000원 (1세트당 64,000원) 12/2(화) 도착 예정 무료배송 ∙ 오늘출발 4.5 (484) 쿠팡으로부터 광고 서비스를 구매한 제휴업체의 판매상품으로 일반 상품보다 우선 정렬됩니다. AD](https://www.coupang.com/vp/products/8597589368?itemId=24929521094&vendorItemId=91935697992&sourceType=srp_product_ads&clickEventId=450e1580-cc7b-11f0-a3d0-09cbfcb82211&korePlacement=15&koreSubPlacement=43&clickEventId=450e1580-cc7b-11f0-a3d0-09cbfcb82211&korePlacement=15&koreSubPlacement=43)\n\n[](https://www.coupang.com/np/search?q=%EC%8A%A4%ED%85%8C%EC%9D%B4%ED%81%AC%EC%9A%A9&channel=user#)[](https://www.coupang.com/np/search?q=%EC%8A%A4%ED%85%8C%EC%9D%B4%ED%81%AC%EC%9A%A9&channel=user#)\n\n같이 보면 좋은 상품\n\n광고\n\n![Image 111](http://static.coupangcdn.com/image/cmg/icon/dco/ad_icon.png)\n\n![Image 112](https://thumbnail8.coupangcdn.com/thumbnails/remote/292x292q65ex/image/retail/images/283141238303292-2c4fcee3-e052-435e-b90c-bc628b8c8913.jpg)\n\n미국산 살치살 스테이크용 (냉장), 300g, 2개\n\n44,700원\n\n34,900원\n\n(100g당 5,817원)\n\n![Image 113](http://image13.coupangcdn.com/image/coupang/rds/logo/xxxhdpi/logo_fresh_medium.png)\n\n오늘(토) 도착 보장\n\n(9,999+)\n\n![Image 114](http://image1.coupangcdn.com/image/badges/cashback/aos/xxxhdpi/list_cash_icon.png)\n\n최대 1,745원 적립\n\n![Image 115](https://thumbnail3.coupangcdn.com/thumbnails/remote/292x292q65ex/image/vendor_inventory/757c/861892af05ed21b10366bd589d678df1888ed616b58ae4ad4cf678bba985.png)\n\n무료배송\n\n도담우 국내산 안심 소고기 안심스테이크 구이용 (와사비솔트 증정), 1개, 200g\n\n24,000원\n\n20,000원\n\n(100g당 10,000원)\n\n12/2(화) 도착 예정\n\n(15)\n\n![Image 116](http://image10.coupangcdn.com/image/badges/cashback/aos/xxxhdpi/list_cash_icon.png)\n\n최대 1,000원 적립\n\n![Image 117](https://thumbnail12.coupangcdn.com/thumbnails/remote/292x292q65ex/image/vendor_inventory/1b09/6e2b535594ecc07c8422f06ea433dac63d609b2032c02c06b3e5ea2c563f.jpg)\n\n[냉장]고기의 황제 솔트에이징 토마호크, 720g, 1개\n\n35,500원\n\n(100g당 4,931원)\n\n12/3(수) 도착 예정\n\n(22)\n\n![Image 118](http://image5.coupangcdn.com/image/badges/cashback/aos/xxxhdpi/list_cash_icon.png)\n\n최대 1,775원 적립\n\n![Image 119](https://thumbnail14.coupangcdn.com/thumbnails/remote/292x292q65ex/image/vendor_inventory/1da6/d2281ffbc575279b731c7566ac6b5146b7bab0f3ee9edb7a277f43c61af0.png)\n\n무료배송\n\n프리미엄 안창살 시즈닝 스테이크 2인분, 1개, 600g\n\n66%\n\n59,000원\n\n19,900원\n\n(100g당 3,317원)\n\n12/2(화) 도착 예정\n\n(72)\n\n![Image 120](http://image7.coupangcdn.com/image/badges/cashback/aos/xxxhdpi/list_cash_icon.png)\n\n최대 995원 적립\n\n![Image 121](https://thumbnail15.coupangcdn.com/thumbnails/remote/292x292q65ex/image/vendor_inventory/1e33/b5ea1d57d6e208ea5fed5f322fd3981afe01c8e2fc8b166429a27a9ff473.jpg)\n\n무료배송\n\n도담우 국내산 티본 포터하우스 스테이크 소고기 프리미엄 캠핑 BBQ (시즈닝+와사비+솔트 증정), 500g, 1개\n\n45,000원\n\n41,000원\n\n(100g당 8,200원)\n\n12/2(화) 도착 예정\n\n(119)\n\n![Image 122](http://image11.coupangcdn.com/image/badges/cashback/aos/xxxhdpi/list_cash_icon.png)\n\n최대 2,050원 적립\n\n![Image 123](https://thumbnail14.coupangcdn.com/thumbnails/remote/292x292q65ex/image/vendor_inventory/4371/dd19607f0ac6c77e348fb8b17a318fc8bed16a496247701bdea9d1fdbe0a.jpg)\n\n[헤비스테이크] 등심 스테이크(냉장 당일발송) 180g 1팩, 1개\n\n14,900원\n\n12,900원\n\n(100g당 7,167원)\n\n12/2(화) 도착 예정\n\n(160)\n\n![Image 124](http://image6.coupangcdn.com/image/badges/cashback/aos/xxxhdpi/list_cash_icon.png)\n\n최대 645원 적립\n\n![Image 125](https://thumbnail15.coupangcdn.com/thumbnails/remote/292x292q65ex/image/vendor_inventory/f61d/4c8257c1ad8d5708c722a8ccee0f94cbeebb84ef2004cf5d72b29adfe7e4.jpg)\n\n무료배송\n\n[행복미트] 부채살 원육 덩어리 목초육 청정우 할랄인증 소고기 스테이크용 구이용 1kg [당일발송], 1개\n\n53%\n\n60,000원\n\n27,900원\n\n(100g당 2,790원)\n\n모레(월) 도착 예정\n\n(577)\n\n![Image 126](http://image7.coupangcdn.com/image/badges/cashback/aos/xxxhdpi/list_cash_icon.png)\n\n최대 1,395원 적립\n\n![Image 127](https://thumbnail15.coupangcdn.com/thumbnails/remote/292x292q65ex/image/vendor_inventory/fa8b/67f7e30dcc5c5199f02c5e180af2bfdc42e7df87c9d6addc2d9f3ded3415.png)\n\n무료배송\n\n1++ 최고급 투뿔 한우 모듬세트 500g 부채살 채끝 특수부위 구이용 소고기, 1개\n\n33%\n\n60,000원\n\n39,800원\n\n(100g당 7,960원)\n\n12/2(화) 도착 예정\n\n(438)\n\n![Image 128](http://image8.coupangcdn.com/image/badges/cashback/aos/xxxhdpi/list_cash_icon.png)\n\n최대 1,990원 적립\n\n이전[1](https://www.coupang.com/np/search?q=%EC%8A%A4%ED%85%8C%EC%9D%B4%ED%81%AC%EC%9A%A9&channel=user&page=1)[2](https://www.coupang.com/np/search?q=%EC%8A%A4%ED%85%8C%EC%9D%B4%ED%81%AC%EC%9A%A9&channel=user&page=2)[3](https://www.coupang.com/np/search?q=%EC%8A%A4%ED%85%8C%EC%9D%B4%ED%81%AC%EC%9A%A9&channel=user&page=3)[4](https://www.coupang.com/np/search?q=%EC%8A%A4%ED%85%8C%EC%9D%B4%ED%81%AC%EC%9A%A9&channel=user&page=4)[5](https://www.coupang.com/np/search?q=%EC%8A%A4%ED%85%8C%EC%9D%B4%ED%81%AC%EC%9A%A9&channel=user&page=5)[다음](https://www.coupang.com/np/search?q=%EC%8A%A4%ED%85%8C%EC%9D%B4%ED%81%AC%EC%9A%A9&channel=user&page=2 \"다음\")\n\n이 상품을 검색한 다른 분들이 함께 본 상품\n------------------------\n\n이전 상품 보기\n\n*   [![Image 129: 목우촌 국내산 소고기 안심 스테이크용 (냉장), 300g, 1개](https://thumbnail.coupangcdn.com/thumbnails/remote/292x292ex/image/retail/images/2022/10/17/15/8/20f881c7-cde2-4875-9333-1336c5991a64.jpg) 목우촌 국내산 소고기 안심 스테이크용 (냉장), 300g, 1개 **29,850원**(100g당 9,950원) ![Image 130](https://image.coupangcdn.com/image/coupang/rds/logo/xhdpi/logo_fresh_medium.png) 5 (2069)](https://www.coupang.com/vp/products/6853353255?vendorItemId=83527502996&sourceType=srp_also_viewed_item&rmdId=7f5573f4399d49438688cb1fbc3ea4c1&eventLabel=recommendation_widget_pc_srp_001&platform=web&rmdABTestInfo=88611_A,14554_A,88610_B,91997_B,91996_B&rmdValue=p9021041693:vt-1.0.0:p6853353255 \"목우촌 국내산 소고기 안심 스테이크용 (냉장), 300g, 1개\")\n*   [![Image 131: 호주산 소고기 안심 스테이크용 (냉장), 150g, 2개](https://thumbnail.coupangcdn.com/thumbnails/remote/292x292ex/image/retail/images/5a280940-0e92-46e6-9068-13a9f9f28c446840219603133673052.png) 호주산 소고기 안심 스테이크용 (냉장), 150g, 2개 **20,200원**(100g당 6,733원) ![Image 132](https://image.coupangcdn.com/image/coupang/rds/logo/xhdpi/logo_fresh_medium.png) 4.5 (850)](https://www.coupang.com/vp/products/8308632346?vendorItemId=91208283868&sourceType=srp_also_viewed_item&rmdId=7f5573f4399d49438688cb1fbc3ea4c1&eventLabel=recommendation_widget_pc_srp_001&platform=web&rmdABTestInfo=88611_A,14554_A,88610_B,91997_B,91996_B&rmdValue=p9021041693:vt-1.0.0:p8308632346 \"호주산 소고기 안심 스테이크용 (냉장), 150g, 2개\")\n*   [![Image 133: 목우촌 국내산 소고기 안심 (냉장), 300g, 1개](https://thumbnail.coupangcdn.com/thumbnails/remote/292x292ex/image/retail/images/2451551721622664-fe9a124c-4a84-4eae-bf94-43abee8ca653.jpg) 목우촌 국내산 소고기 안심 (냉장), 300g, 1개 **29,850원**(100g당 9,950원) ![Image 134](https://image.coupangcdn.com/image/coupang/rds/logo/xhdpi/logo_fresh_medium.png) 4.5 (7855)](https://www.coupang.com/vp/products/1267767183?vendorItemId=70268609297&sourceType=srp_also_viewed_item&rmdId=7f5573f4399d49438688cb1fbc3ea4c1&eventLabel=recommendation_widget_pc_srp_001&platform=web&rmdABTestInfo=88611_A,14554_A,88610_B,91997_B,91996_B&rmdValue=p9021041693:vt-1.0.0:p1267767183 \"목우촌 국내산 소고기 안심 (냉장), 300g, 1개\")\n*   [![Image 135: 미트지엥 호주산 우안심 구이용 (냉장), 300g, 1개](https://thumbnail.coupangcdn.com/thumbnails/remote/292x292ex/image/retail/images/6498722913720808-005ad0f2-b90e-4c5d-bdc8-ca9abc0ef9e5.jpg) 미트지엥 호주산 우안심 구이용 (냉장), 300g, 1개 **20,280원**(100g당 6,760원) ![Image 136](https://image.coupangcdn.com/image/coupang/rds/logo/xhdpi/logo_fresh_medium.png) 4.5 (912)](https://www.coupang.com/vp/products/6029893102?vendorItemId=78272159364&sourceType=srp_also_viewed_item&rmdId=7f5573f4399d49438688cb1fbc3ea4c1&eventLabel=recommendation_widget_pc_srp_001&platform=web&rmdABTestInfo=88611_A,14554_A,88610_B,91997_B,91996_B&rmdValue=p9021041693:vt-1.0.0:p6029893102 \"미트지엥 호주산 우안심 구이용 (냉장), 300g, 1개\")\n*   [![Image 137: 곰곰 호주산 소고기 안심 스테이크용 (냉장), 300g, 3개](https://thumbnail.coupangcdn.com/thumbnails/remote/292x292ex/image/retail/images/873079954912554-4e9fad88-e31d-48d8-90f6-e7eafca9707b.jpg) 곰곰 호주산 소고기 안심 스테이크용 (냉장), 300g, 3개 **49,890원**(100g당 5,543원) ![Image 138](https://image.coupangcdn.com/image/coupang/rds/logo/xhdpi/logo_fresh_medium.png) 4.5 (481)](https://www.coupang.com/vp/products/8308632352?vendorItemId=91208284578&sourceType=srp_also_viewed_item&rmdId=7f5573f4399d49438688cb1fbc3ea4c1&eventLabel=recommendation_widget_pc_srp_001&platform=web&rmdABTestInfo=88611_A,14554_A,88610_B,91997_B,91996_B&rmdValue=p9021041693:vt-1.0.0:p8308632352 \"곰곰 호주산 소고기 안심 스테이크용 (냉장), 300g, 3개\")\n*   [![Image 139: 미트엔조이 호주산 안심 스테이크 (냉장), 150g, 2개](https://thumbnail.coupangcdn.com/thumbnails/remote/292x292ex/image/retail/images/00dd3f8e-b0e9-480c-ac3f-56cb2f99d6232934876873180099677.png) 미트엔조이 호주산 안심 스테이크 (냉장), 150g, 2개 **21,200원**(100g당 7,067원) **1,000원** 와우 가입 쿠폰 ![Image 140](https://image.coupangcdn.com/image/coupang/rds/logo/xhdpi/logo_fresh_medium.png) 4.5 (7046)](https://www.coupang.com/vp/products/1131265475?vendorItemId=86341241778&sourceType=srp_also_viewed_item&rmdId=7f5573f4399d49438688cb1fbc3ea4c1&eventLabel=recommendation_widget_pc_srp_001&platform=web&rmdABTestInfo=88611_A,14554_A,88610_B,91997_B,91996_B&rmdValue=p9021041693:vt-1.0.0:p1131265475 \"미트엔조이 호주산 안심 스테이크 (냉장), 150g, 2개\")\n*   [![Image 141: 호주산 우안심 스테이크용 (냉장), 300g, 1팩](https://thumbnail.coupangcdn.com/thumbnails/remote/292x292ex/image/retail/images/69455979478553-5ba863de-0ee7-4cd5-9d09-df9c4bbcfe4d.jpg) 호주산 우안심 스테이크용 (냉장), 300g, 1팩 **17,320원**(100g당 5,773원) ![Image 142](https://image.coupangcdn.com/image/coupang/rds/logo/xhdpi/logo_fresh_medium.png) 4.5 (3920)](https://www.coupang.com/vp/products/1524431303?vendorItemId=70606681290&sourceType=srp_also_viewed_item&rmdId=7f5573f4399d49438688cb1fbc3ea4c1&eventLabel=recommendation_widget_pc_srp_001&platform=web&rmdABTestInfo=88611_A,14554_A,88610_B,91997_B,91996_B&rmdValue=p9021041693:vt-1.0.0:p1524431303 \"호주산 우안심 스테이크용 (냉장), 300g, 1팩\")\n*   [![Image 143: 목우촌 국내산 소고기 등심 구이용 (냉장), 300g, 1개](https://thumbnail.coupangcdn.com/thumbnails/remote/292x292ex/image/retail/images/179106185329620-989bbf80-493a-44c0-aaa7-fa4a2a94b074.jpg) 목우촌 국내산 소고기 등심 구이용 (냉장), 300g, 1개 **18,300원**(100g당 6,100원) ![Image 144](https://image.coupangcdn.com/image/coupang/rds/logo/xhdpi/logo_fresh_medium.png) 4.5 (15813)](https://www.coupang.com/vp/products/202587395?vendorItemId=70298644420&sourceType=srp_also_viewed_item&rmdId=7f5573f4399d49438688cb1fbc3ea4c1&eventLabel=recommendation_widget_pc_srp_001&platform=web&rmdABTestInfo=88611_A,14554_A,88610_B,91997_B,91996_B&rmdValue=p9021041693:vt-1.0.0:p202587395 \"목우촌 국내산 소고기 등심 구이용 (냉장), 300g, 1개\")\n*   [![Image 145: 한우맘 한우 안심 1등급 구이용 (냉장), 200g, 1개](https://thumbnail.coupangcdn.com/thumbnails/remote/292x292ex/image/retail/images/423529516559393-06320a28-77d4-4942-81cd-2a492c64ca8a.jpg) 한우맘 한우 안심 1등급 구이용 (냉장), 200g, 1개 **22,780원**(100g당 11,390원) ![Image 146](https://image.coupangcdn.com/image/coupang/rds/logo/xhdpi/logo_fresh_medium.png) 4.5 (248)](https://www.coupang.com/vp/products/8263262064?vendorItemId=90830891267&sourceType=srp_also_viewed_item&rmdId=7f5573f4399d49438688cb1fbc3ea4c1&eventLabel=recommendation_widget_pc_srp_001&platform=web&rmdABTestInfo=88611_A,14554_A,88610_B,91997_B,91996_B&rmdValue=p9021041693:vt-1.0.0:p8263262064 \"한우맘 한우 안심 1등급 구이용 (냉장), 200g, 1개\")\n*   [![Image 147: 참연담소 국내산 소고기 안심 구이용 (냉장), 1개, 200g](https://thumbnail.coupangcdn.com/thumbnails/remote/292x292ex/image/retail/images/59039841727083-a21daeea-c910-43c5-ac92-95b35c29d542.JPG) 참연담소 국내산 소고기 안심 구이용 (냉장), 1개, 200g **18,950원**(100g당 9,475원) ![Image 148](https://image.coupangcdn.com/image/coupang/rds/logo/xhdpi/logo_fresh_medium.png) 4.5 (45)](https://www.coupang.com/vp/products/8560722153?vendorItemId=91799279075&sourceType=srp_also_viewed_item&rmdId=7f5573f4399d49438688cb1fbc3ea4c1&eventLabel=recommendation_widget_pc_srp_001&platform=web&rmdABTestInfo=88611_A,14554_A,88610_B,91997_B,91996_B&rmdValue=p9021041693:vt-1.0.0:p8560722153 \"참연담소 국내산 소고기 안심 구이용 (냉장), 1개, 200g\")\n*   [![Image 149: 부채살 스테이크 소포장 식단&헬스 미국산 초이스등급, 10개, 200g](https://thumbnail.coupangcdn.com/thumbnails/remote/292x292ex/image/vendor_inventory/ae2a/3f28ecfa4b5dfe76a69f58bad1e4fc22421cb88778dd261a45af81ad8b67.jpg) 부채살 스테이크 소포장 식단&헬스 미국산 초이스등급, 10개, 200g **59,900원**(100g당 2,995원) 4.5 (62)](https://www.coupang.com/vp/products/8799290820?vendorItemId=92610230283&sourceType=srp_also_viewed_item&rmdId=7f5573f4399d49438688cb1fbc3ea4c1&eventLabel=recommendation_widget_pc_srp_001&platform=web&rmdABTestInfo=88611_A,14554_A,88610_B,91997_B,91996_B&rmdValue=p9021041693:vt-1.0.0:p8799290820 \"부채살 스테이크 소포장 식단&헬스 미국산 초이스등급, 10개, 200g\")\n*   [![Image 150: 도담우 국내산 채끝 소고기 채끝등심 숙성채끝 채끝스테이크 구이용 (와사비솔트 증정), 5개, 200g](https://thumbnail.coupangcdn.com/thumbnails/remote/292x292ex/image/vendor_inventory/8e55/d60431832548737d68f88587744422c56302e75b651dfc59c2bb47bf3799.jpg) 도담우 국내산 채끝 소고기 채끝등심 숙성채끝 채끝스테이크 구이용 (와사비솔트 증정), 5개, 200g **64,700원**(100g당 6,470원) 5 (12)](https://www.coupang.com/vp/products/8949870036?vendorItemId=94121723436&sourceType=srp_also_viewed_item&rmdId=7f5573f4399d49438688cb1fbc3ea4c1&eventLabel=recommendation_widget_pc_srp_001&platform=web&rmdABTestInfo=88611_A,14554_A,88610_B,91997_B,91996_B&rmdValue=p9021041693:vt-1.0.0:p8949870036 \"도담우 국내산 채끝 소고기 채끝등심 숙성채끝 채끝스테이크 구이용 (와사비솔트 증정), 5개, 200g\")\n*   [![Image 151: 한국농수축산 안심 스테이크 청정우 4cm 두께, 1개, 180g](https://thumbnail.coupangcdn.com/thumbnails/remote/292x292ex/image/vendor_inventory/3f6e/064d5e03837d138826c536a044265dd7c25c863f15da3fcbcd94d0d94fe1.png) 한국농수축산 안심 스테이크 청정우 4cm 두께, 1개, 180g **19,800원**(100g당 11,000원) 4.5 (22)](https://www.coupang.com/vp/products/8934205745?vendorItemId=93100425328&sourceType=srp_also_viewed_item&rmdId=7f5573f4399d49438688cb1fbc3ea4c1&eventLabel=recommendation_widget_pc_srp_001&platform=web&rmdABTestInfo=88611_A,14554_A,88610_B,91997_B,91996_B&rmdValue=p9021041693:vt-1.0.0:p8934205745 \"한국농수축산 안심 스테이크 청정우 4cm 두께, 1개, 180g\")\n*   [![Image 152: [이겼소] 국내산 냉장 안심 소고기 400g 스테이크용 로스 구이용, 스테이크용 (3센티 전후), 1개](https://thumbnail.coupangcdn.com/thumbnails/remote/292x292ex/image/vendor_inventory/c08c/e265436edb794beaa79f38ed7eb1ec7dde38fb8ee86723d9042c6af26111.png) [이겼소] 국내산 냉장 안심 소고기 400g 스테이크용 로스 구이용, 스테이크용 (3센티 전후), 1개 **23,900원**(100g당 5,975원) 5 (16)](https://www.coupang.com/vp/products/8180828120?vendorItemId=82461924142&sourceType=srp_also_viewed_item&rmdId=7f5573f4399d49438688cb1fbc3ea4c1&eventLabel=recommendation_widget_pc_srp_001&platform=web&rmdABTestInfo=88611_A,14554_A,88610_B,91997_B,91996_B&rmdValue=p9021041693:vt-1.0.0:p8180828120 \"[이겼소] 국내산 냉장 안심 소고기 400g 스테이크용 로스 구이용, 스테이크용 (3센티 전후), 1개\")\n\n다음 상품 보기\n\n[회사소개](https://news.coupang.com/)[Investor Relations](https://ir.aboutcoupang.com/overview/default.aspx)[인재채용](https://rocketyourcareer.kr.coupang.com/)[입점/제휴문의](https://marketplace.coupangcorp.com/s/?utm_source=button_pc&utm_medium=non_paid&utm_campaign=onsite_ca&utm_id=coupang_app?inflow=WEB_FOOTER_B)[공지사항](https://mc.coupang.com/ssr/desktop/contact/notice)[고객의 소리](https://mc.coupang.com/ssr/desktop/contact/voc)[이용약관](https://www.coupang.com/np/policies/terms)[**개인정보 처리방침**](https://privacy.coupang.com/ko/center/coupang)[정보보호/개인정보보호 인증](https://privacy.coupang.com/ko/security/status)[쿠팡페이 이용약관](https://rocketpay.coupang.com/rocketpay/operationTerms/coupangPcFooter)[신뢰관리센터](https://www.coupang.com/np/safety)[제휴마케팅](https://partners.coupang.com/)[광고안내](https://ads.coupang.com/)\n\nGlobal Site\n\n*   [Coupang Taiwan 酷澎台灣](https://www.tw.coupang.com/)\n\n[![Image 153](https://front.coupangcdn.com/front-web-next/_next/static/media/logo.f2c4ccb2.png)](https://www.coupang.com/ \"COUPANG\")\n\n상호명 및 호스팅 서비스 제공 : 쿠팡(주) \n\n 대표이사 : 박대준 \n\n 서울시 송파구 송파대로 570 \n\n 사업자 등록번호 : 120-88-00767 \n\n 통신판매업신고 : 2017-서울송파-0680 \n\n[사업자정보 확인 >](http://www.ftc.go.kr/info/bizinfo/communicationViewPopup.jsp?wrkr_no=1208800767)\n\n[**365고객센터** | 전자금융거래분쟁처리담당 _1577-7011 (유료)_ 서울시 송파구 송파대로 570 email : help@coupang.com](https://mc.coupang.com/ssr/desktop/contact/inquiry)\n\n**채무지급보증 안내**\n\n 당사는 고객님이 현금 결제한 금액에 대해 \n\n 채무지급보증 계약을 체결하여 \n\n 안전거래를 보장하고 있습니다. \n\n[서비스 가입사실 확인 >](https://www.coupang.com/np/etc/popWooriService)\n\n![Image 154](https://front.coupangcdn.com/front-web-next/_next/static/media/5.73affd35.png)\n\n![Image 155](https://front.coupangcdn.com/front-web-next/_next/static/media/6.901d77a5.png)\n\n사이버몰 내 판매되는 상품 중에는 쿠팡에 등록한 개별 판매자가 판매하는 마켓플레이스(오픈마켓) 상품이 포함되어 있습니다. \n\n 마켓플레이스(오픈마켓) 상품의 경우 쿠팡은 통신판매중개자이며 통신판매의 당사자가 아닙니다. \n\n 쿠팡은 마켓플레이스(오픈마켓) 상품, 거래정보 및 거래 등에 대하여 책임을 지지 않습니다. \n\n 쿠팡은 소비자 보호와 안전거래를 위해 신뢰관리센터(CM112@coupang.com)를 운영하고 있으며, 관련 분쟁이 발생할 경우 별도의 분쟁 처리절차에 의거 분쟁이 처리됩니다. \n\n Copyright © Coupang Corp. 2010-2025 All Rights Reserved.\n\n*   [![Image 156](https://front.coupangcdn.com/front-web-next/_next/static/media/f.34bde318.png)](https://www.facebook.com/Coupang.korea)\n*   [![Image 157](https://front.coupangcdn.com/front-web-next/_next/static/media/b.637cda1c.png)](https://news.coupang.com/)\n*   [![Image 158](https://front.coupangcdn.com/front-web-next/_next/static/media/s.a7aca4ea.png)](https://www.instagram.com/coupang)"
      },
      {
        "platform": "coupang",
        "title": "[설성목장] 무항생제 인증 한우 정성 스테이크 세트(등심스테이크용40...",
        "url": "https://www.coupang.com/vp/products/7583597943",
        "snippet": "쿠팡에서 [설성목장] 무항생제 인증 한우 정성 스테이크 세트 (등심 스테이크용 400g+채끝 스테이크용 400g) 구매하고 더 많은 혜택을 받으세요!",
        "score": 0.4959723,
        "timestamp": "2025-11-29T02:23:22.759312",
        "raw_content": null
      },
      {
        "platform": "coupang",
        "title": "쿠팡이 추천하는 스테이크용 안심 관련 혜택과 특가",
        "url": "https://www.coupang.com/np/search?q=%EC%8A%A4%ED%85%8C%EC%9D%B4%ED%81%AC%EC%9A%A9%20%EC%95%88%EC%8B%AC",
        "snippet": ", 1개, 200g\n\n24,000원\n\n20,000원\n\n(100g당 10,000원)\n\n12/2(화) 도착 예정\n\n(15)\n\nImage 112\n\n최대 1,000원 적립\n\nImage 113\n\n미트엔조이 미국산 프라임 등심 스테이크 (냉장), 500g, 1개\n\n29,900원\n\n23,740원\n\n(100g당 4,748원)\n\nImage 114\n\n오늘(토) 도착 보장\n\n(9,999+)\n\nImage 115\n\n최대 1,187원 적립\n\nImage 116\n\n[마블플러스] 뉴질랜드 안심 스테이크 4cm 목초사육 청정우 다이어트 소고기, 뉴질랜드 안심 스테이크 4cm 160g, 1개\n\n18,900원\n\n17,400원\n\n(100g당 10,875원)\n\n12/2(화) 도착 예정\n\n(140)\n\nImage 117\n\n최대 870원 적립\n\nImage 118\n\n무료배송\n\n한우왕 한우 안심 1등급 600g 소고기 (등급선택가능), 1개, 안심 1++등급 600g\n\n75,100원\n\n(100g당 12,517원) [...] Image 78: 호주산 우안심 스테이크용 (냉장), 300g, 2팩 호주산 우안심 스테이크용 (냉장), 300g, 2팩 33,600원 (100g당 5,600원) Image 79 오늘(토) 도착 보장 4.5 (3920)\n   [![Image 80: [G][남도명가] 1등급 한우 안심 (250g/스테이크용), 2개, 250g]( [G][남도명가] 1등급 한우 안심 (250g/스테이크용), 2개, 250g ~~39,900원~~ 2% 38,800원 (100g당 7,760원) 12/4(목) 도착 예정 무료배송 ∙ 무료반품](\n   Image 81: 한우맘 한우 안심 1등급 구이용 (냉장), 200g, 1개 한우맘 한우 안심 1등급 구이용 (냉장), 200g, 1개 ~~35,760원~~ 36% 22,780원 (100g당 11,390원) Image 82 오늘(토) 도착 보장 4.5 (248) [...] Image 105: 1++ 한우 투뿔 모듬세트 600g 구이용 최고급, 1개 1++ 한우 투뿔 모듬세트 600g 구이용 최고급, 1개 할인~~150,000원~~ 57% 64,000원 (1세트당 64,000원) 12/2(화) 도착 예정 무료배송 ∙ 오늘출발 4.5 (484) 쿠팡으로부터 광고 서비스를 구매한 제휴업체의 판매상품으로 일반 상품보다 우선 정렬됩니다. AD\n   Image 106: 도담우 국내산 채끝 소고기 채끝등심 숙성채끝 채끝스테이크 구이용 (와사비솔트 증정), 1개, 200g 도담우 국내산 채끝 소고기 채끝등심 숙성채끝 채끝스테이크 구이용 (와사비솔트 증정), 1개, 200g 할인· 09:12:50~~20,000원~~ 23% 15,300원 (100g당 7,650원) 12/2(화) 도착 예정 무료배송 ∙ 오늘출발 5 (12) 품절임박 쿠팡으로부터 광고 서비스를 구매한 제휴업체의 판매상품으로 일반 상품보다 우선 정렬됩니다. AD",
        "score": 0.48016238,
        "timestamp": "2025-11-29T02:23:22.759314",
        "raw_content": "쿠팡이 추천하는 스테이크용 안심 관련 혜택과 특가\n\n===============\n\n[![Image 1](https://static.coupangcdn.com/ea/cmg_paperboy/image/1646271114206/C0-Left_basic.jpg)](https://www.coupang.com/np/campaigns/82?adType=DA&eventId=svGbwqxbtM9mv2EU)[![Image 2](https://static.coupangcdn.com/ya/cmg_paperboy/image/1764139787980/C0.jpg)](https://pages.coupang.com/p/157429?adType=DA&eventId=3GE2g2hOjVir8ie1)\n\n[X](https://www.coupang.com/np/search?q=%EC%8A%A4%ED%85%8C%EC%9D%B4%ED%81%AC%EC%9A%A9%20%EC%95%88%EC%8B%AC)\n\n*   [판매자 가입](https://wing.coupang.com/tenants/vendor-signup/signup?utm_source=button_pc_coupang_app_category_3&utm_medium=non_paid&utm_id=onsite_ca&utm_content=20240328)\n*   [고객센터](https://mc.coupang.com/ssr/desktop/contact/faq)\n[자주묻는 질문](https://mc.coupang.com/ssr/desktop/contact/faq)[1:1 채팅문의](https://mc.coupang.com/ssr/desktop/contact/inquiry)[고객의 소리](https://mc.coupang.com/ssr/desktop/contact/voc)[취소 / 반품 안내](https://www.coupang.com/returnPolicy.pang)\n\n*   [회원가입](https://login.coupang.com/login/memberJoinFrm.pang \"회원가입\")\n*   [로그인](https://login.coupang.com/login/login.pang?rtnUrl=https%3A%2F%2Fwww.coupang.com%2Fnp%2Fpost%2Flogin%3Fr%3Dhttp%253A%252F%252Fwww.coupang.com%252Fnp%252Fsearch%253Fq%253D%2525EC%25258A%2525A4%2525ED%252585%25258C%2525EC%25259D%2525B4%2525ED%252581%2525AC%2525EC%25259A%2525A9%252B%2525EC%252595%252588%2525EC%25258B%2525AC \"로그인\")\n*   [즐겨찾기](https://www.coupang.com/np/search?q=%EC%8A%A4%ED%85%8C%EC%9D%B4%ED%81%AC%EC%9A%A9%20%EC%95%88%EC%8B%AC)\n*   [입점신청](https://www.coupang.com/np/search?q=%EC%8A%A4%ED%85%8C%EC%9D%B4%ED%81%AC%EC%9A%A9%20%EC%95%88%EC%8B%AC)\n[오픈마켓](https://marketplace.coupangcorp.com/s/?utm_source=button_pc&utm_medium=non_paid&utm_campaign=onsite_ca&utm_id=coupang_app)[여행·티켓](https://with.coupang.com/contract/initialize)[로켓배송](https://supplier.coupang.com/welcome/join)[제휴마케팅](https://partners.coupang.com/)[로켓그로스](https://sell.coupang.com/?utm_source=web_button_pc_rg&utm_medium=referral&utm_campaign=onsite_lead&utm_id=coupang_web?inflow=WEB_HEADER_B)\n\n.\n\n카테고리\n\n쇼핑\n\n티켓\n\n테마관\n\n*   [입점/판매 신청](https://wing.coupang.com/tenants/vendor-signup/signup?utm_source=button_pc_coupang_app_category_3&utm_medium=non_paid&utm_id=onsite_ca&utm_content=20240328)\n\n[![Image 3: Coupang](https://image7.coupangcdn.com/image/coupang/common/logo_coupang_w350.png)](https://www.coupang.com/)\n\n[전체](https://www.coupang.com/np/search?q=%EC%8A%A4%ED%85%8C%EC%9D%B4%ED%81%AC%EC%9A%A9%20%EC%95%88%EC%8B%AC)\n\n전체삭제 최근검색어끄기\n\n[](https://www.coupang.com/np/search?q=%EC%8A%A4%ED%85%8C%EC%9D%B4%ED%81%AC%EC%9A%A9%20%EC%95%88%EC%8B%AC)![Image 4](https://front.coupangcdn.com/front-web-next/_next/static/media/search.85cd3dbf.png)\n*   [![Image 5](https://front.coupangcdn.com/front-web-next/_next/static/media/person.07e45e52.png)마이쿠팡](https://mc.coupang.com/ssr/desktop/order/list)\n[주문목록](https://mc.coupang.com/ssr/desktop/order/list)[취소/반품](https://mc.coupang.com/ssr/desktop/cancel-return-exchange/list)[찜 리스트](https://wish-web.coupang.com/wishInitView.pang)\n\n*   [![Image 6](https://front.coupangcdn.com/front-web-next/_next/static/media/cart.ccef8f9e.png)_0_ 장바구니](https://cart.coupang.com/cartView.pang)\n\n  \n\n    *   장바구니에 담긴 상품이 없습니다.\n\n[장바구니 전체보기](https://cart.coupang.com/cartView.pang)\n\n[](https://www.coupang.com/np/search?q=%EC%8A%A4%ED%85%8C%EC%9D%B4%ED%81%AC%EC%9A%A9%20%EC%95%88%EC%8B%AC)\n\n*   [![Image 7: 쿠팡플레이](https://image.coupangcdn.com/image/coupang/home/icons/web/kr/coupang-play.png)쿠팡플레이](https://www.coupangplay.com/catalog)\n*   [![Image 8: 로켓배송](https://image.coupangcdn.com/image/coupang/home/icons/web/kr/rocket-delivery.png)로켓배송](https://www.coupang.com/np/campaigns/82)\n*   [![Image 9: 로켓프레시](https://image.coupangcdn.com/image/coupang/home/icons/web/kr/rocket-fresh.png)로켓프레시](https://www.coupang.com/np/categories/393760)\n*   [![Image 10: 크리스마스](https://image.coupangcdn.com/image/coupang/home/icons/Christmas/Christmas_PC_2025.png)크리스마스](https://pages.coupang.com/p/158677)\n*   [![Image 11: 다시 구매](https://image.coupangcdn.com/image/coupang/common/fbi_icon_3x.png)다시 구매](https://www.coupang.com/np/fbi?sourceType=home_section_fbi)\n*   [![Image 12: 쿠팡비즈](https://image.coupangcdn.com/image/coupang/home/icons/web/kr/biz.png)쿠팡비즈](https://login.coupang.com/corporation/member/landing-page)\n*   [![Image 13: 로켓직구](https://image.coupangcdn.com/image/coupang/home/icons/web/kr/oversea-delivery.png)로켓직구](https://www.coupang.com/np/coupangglobal)\n*   [![Image 14: 골드박스](https://image.coupangcdn.com/image/coupang/home/icons/web/kr/gold-box.png)골드박스](https://pages.coupang.com/p/121237?sourceType=gm_crm_goldbox&subSourceType=gm_crm_gwsrtcut)\n*   [![Image 15: 이달의신상](https://image.coupangcdn.com/image/coupang/home/icons/web/kr/new-item-of-month.png)이달의신상](https://pages.coupang.com/p/136938)\n*   [![Image 16: 판매자특가](https://image.coupangcdn.com/image/coupang/home/icons/web/kr/omp.png)판매자특가](https://www.coupang.com/np/omp)\n*   [![Image 17: 와우회원할인](https://image.coupangcdn.com/image/coupang/home/icons/web/kr/wow.png)와우회원할인](https://www.coupang.com/np/campaigns/83)\n*   [![Image 18: 이벤트/쿠폰](https://image.coupangcdn.com/image/coupang/home/icons/web/kr/benefit.png)이벤트/쿠폰](https://www.coupang.com/np/coupangbenefit)\n*   [![Image 19: 반품마켓](https://image.coupangcdn.com/image/coupang/home/icons/web/kr/returned-market.png)반품마켓](https://pages.coupang.com/p/54908)\n*   [![Image 20: 착한상점](https://image.coupangcdn.com/image/coupang/home/icons/web/kr/sustainable-market.png)착한상점](https://pages.coupang.com/p/63240)\n*   [![Image 21: 기획전](https://image.coupangcdn.com/image/coupang/home/icons/web/kr/event.png)기획전](https://pages.coupang.com/p/bep?sourceType=gm_crm_oms&subSourceType=gm_crm_gwsrtcut)\n*   [![Image 22: 쿠팡트래블](https://image.coupangcdn.com/image/coupang/home/icons/web/kr/travel.png)쿠팡트래블](https://trip.coupang.com/?channel=gnb)\n*   [![Image 23: 입점신청](https://image.coupangcdn.com/image/coupang/home/icons/web/kr/sell-on-coupang.png)입점신청](https://wing.coupang.com/tenants/vendor-signup/signup?utm_source=button_pc_coupang_shortcut_1&utm_medium=non_paid&utm_id=onsite_ca&utm_content=202411)\n\n[](https://www.coupang.com/np/search?q=%EC%8A%A4%ED%85%8C%EC%9D%B4%ED%81%AC%EC%9A%A9%20%EC%95%88%EC%8B%AC)\n\n[전체](https://www.coupang.com/np/search?q=%EC%8A%A4%ED%85%8C%EC%9D%B4%ED%81%AC%EC%9A%A9%20%EC%95%88%EC%8B%AC#)\n*   [전체](https://www.coupang.com/np/search?q=%EC%8A%A4%ED%85%8C%EC%9D%B4%ED%81%AC%EC%9A%A9%20%EC%95%88%EC%8B%AC#)\n\n전체삭제 최근검색어끄기\n\n[](https://www.coupang.com/np/search?q=%EC%8A%A4%ED%85%8C%EC%9D%B4%ED%81%AC%EC%9A%A9%20%EC%95%88%EC%8B%AC)![Image 24](https://front.coupangcdn.com/front-web-next/_next/static/media/search.85cd3dbf.png)\n\n[스테이크](https://www.coupang.com/np/search?q=%EC%8A%A4%ED%85%8C%EC%9D%B4%ED%81%AC&channel=undefined \"스테이크\")[스테이크용소고기](https://www.coupang.com/np/search?q=%EC%8A%A4%ED%85%8C%EC%9D%B4%ED%81%AC%EC%9A%A9%EC%86%8C%EA%B3%A0%EA%B8%B0&channel=undefined \"스테이크용소고기\")[싼쵸정육점](https://www.coupang.com/np/search?q=%EC%8B%BC%EC%B5%B8%EC%A0%95%EC%9C%A1%EC%A0%90&channel=undefined \"싼쵸정육점\")[안심4cm](https://www.coupang.com/np/search?q=%EC%95%88%EC%8B%AC4cm&channel=undefined \"안심4cm\")[호주산안심](https://www.coupang.com/np/search?q=%ED%98%B8%EC%A3%BC%EC%82%B0%EC%95%88%EC%8B%AC&channel=undefined \"호주산안심\")[싼쵸정육점4cm](https://www.coupang.com/np/search?q=%EC%8B%BC%EC%B5%B8%EC%A0%95%EC%9C%A1%EC%A0%904cm&channel=undefined \"싼쵸정육점4cm\")[안심스테이크4cm](https://www.coupang.com/np/search?q=%EC%95%88%EC%8B%AC%EC%8A%A4%ED%85%8C%EC%9D%B4%ED%81%AC4cm&channel=undefined \"안심스테이크4cm\")[소고기](https://www.coupang.com/np/search?q=%EC%86%8C%EA%B3%A0%EA%B8%B0&channel=undefined \"소고기\")[안심](https://www.coupang.com/np/search?q=%EC%95%88%EC%8B%AC&channel=undefined \"안심\")[소고기안심스테이크](https://www.coupang.com/np/search?q=%EC%86%8C%EA%B3%A0%EA%B8%B0%EC%95%88%EC%8B%AC%EC%8A%A4%ED%85%8C%EC%9D%B4%ED%81%AC&channel=undefined \"소고기안심스테이크\")\n\n[](https://www.coupang.com/np/search?q=%EC%8A%A4%ED%85%8C%EC%9D%B4%ED%81%AC%EC%9A%A9%20%EC%95%88%EC%8B%AC)\n\n*   [![Image 25: 쿠팡플레이](https://image.coupangcdn.com/image/coupang/home/icons/web/kr/coupang-play.png)쿠팡플레이](https://www.coupangplay.com/catalog)\n*   [![Image 26: 로켓배송](https://image.coupangcdn.com/image/coupang/home/icons/web/kr/rocket-delivery.png)로켓배송](https://www.coupang.com/np/campaigns/82)\n*   [![Image 27: 로켓프레시](https://image.coupangcdn.com/image/coupang/home/icons/web/kr/rocket-fresh.png)로켓프레시](https://www.coupang.com/np/categories/393760)\n*   [![Image 28: 크리스마스](https://image.coupangcdn.com/image/coupang/home/icons/Christmas/Christmas_PC_2025.png)크리스마스](https://pages.coupang.com/p/158677)\n*   [![Image 29: 다시 구매](https://image.coupangcdn.com/image/coupang/common/fbi_icon_3x.png)다시 구매](https://www.coupang.com/np/fbi?sourceType=home_section_fbi)\n*   [![Image 30: 쿠팡비즈](https://image.coupangcdn.com/image/coupang/home/icons/web/kr/biz.png)쿠팡비즈](https://login.coupang.com/corporation/member/landing-page)\n*   [![Image 31: 로켓직구](https://image.coupangcdn.com/image/coupang/home/icons/web/kr/oversea-delivery.png)로켓직구](https://www.coupang.com/np/coupangglobal)\n*   [![Image 32: 골드박스](https://image.coupangcdn.com/image/coupang/home/icons/web/kr/gold-box.png)골드박스](https://pages.coupang.com/p/121237?sourceType=gm_crm_goldbox&subSourceType=gm_crm_gwsrtcut)\n*   [![Image 33: 이달의신상](https://image.coupangcdn.com/image/coupang/home/icons/web/kr/new-item-of-month.png)이달의신상](https://pages.coupang.com/p/136938)\n*   [![Image 34: 판매자특가](https://image.coupangcdn.com/image/coupang/home/icons/web/kr/omp.png)판매자특가](https://www.coupang.com/np/omp)\n*   [![Image 35: 와우회원할인](https://image.coupangcdn.com/image/coupang/home/icons/web/kr/wow.png)와우회원할인](https://www.coupang.com/np/campaigns/83)\n*   [![Image 36: 이벤트/쿠폰](https://image.coupangcdn.com/image/coupang/home/icons/web/kr/benefit.png)이벤트/쿠폰](https://www.coupang.com/np/coupangbenefit)\n*   [![Image 37: 반품마켓](https://image.coupangcdn.com/image/coupang/home/icons/web/kr/returned-market.png)반품마켓](https://pages.coupang.com/p/54908)\n*   [![Image 38: 착한상점](https://image.coupangcdn.com/image/coupang/home/icons/web/kr/sustainable-market.png)착한상점](https://pages.coupang.com/p/63240)\n*   [![Image 39: 기획전](https://image.coupangcdn.com/image/coupang/home/icons/web/kr/event.png)기획전](https://pages.coupang.com/p/bep?sourceType=gm_crm_oms&subSourceType=gm_crm_gwsrtcut)\n*   [![Image 40: 쿠팡트래블](https://image.coupangcdn.com/image/coupang/home/icons/web/kr/travel.png)쿠팡트래블](https://trip.coupang.com/?channel=gnb)\n*   [![Image 41: 입점신청](https://image.coupangcdn.com/image/coupang/home/icons/web/kr/sell-on-coupang.png)입점신청](https://wing.coupang.com/tenants/vendor-signup/signup?utm_source=button_pc_coupang_shortcut_1&utm_medium=non_paid&utm_id=onsite_ca&utm_content=202411)\n\n[](https://www.coupang.com/np/search?q=%EC%8A%A4%ED%85%8C%EC%9D%B4%ED%81%AC%EC%9A%A9%20%EC%95%88%EC%8B%AC)\n\n[장바구니 _0_](https://cart.coupang.com/cartView.pang)\n\n최근본상품 _0_\n\n*   최근본 상품이\n\n없습니다.\n\n/[prev](https://www.coupang.com/np/%EC%9D%B4%EC%A0%84%20%ED%8E%98%EC%9D%B4%EC%A7%80%20%EB%B3%B4%EA%B8%B0)[next](https://www.coupang.com/np/%EB%8B%A4%EC%9D%8C%20%ED%8E%98%EC%9D%B4%EC%A7%80%20%EB%B3%B4%EA%B8%B0)\n\n[![Image 42: Coupang](https://image7.coupangcdn.com/image/coupang/common/logo_coupang_w350.png)](https://www.coupang.com/)\n\n[전체](https://www.coupang.com/np/search?q=%EC%8A%A4%ED%85%8C%EC%9D%B4%ED%81%AC%EC%9A%A9%20%EC%95%88%EC%8B%AC)\n\n전체삭제 최근검색어끄기\n\n[](https://www.coupang.com/np/search?q=%EC%8A%A4%ED%85%8C%EC%9D%B4%ED%81%AC%EC%9A%A9%20%EC%95%88%EC%8B%AC)![Image 43](https://front.coupangcdn.com/front-web-next/_next/static/media/search.85cd3dbf.png)\n\n[스테이크](https://www.coupang.com/np/search?q=%EC%8A%A4%ED%85%8C%EC%9D%B4%ED%81%AC&channel=undefined \"스테이크\")[스테이크용소고기](https://www.coupang.com/np/search?q=%EC%8A%A4%ED%85%8C%EC%9D%B4%ED%81%AC%EC%9A%A9%EC%86%8C%EA%B3%A0%EA%B8%B0&channel=undefined \"스테이크용소고기\")[싼쵸정육점](https://www.coupang.com/np/search?q=%EC%8B%BC%EC%B5%B8%EC%A0%95%EC%9C%A1%EC%A0%90&channel=undefined \"싼쵸정육점\")[안심4cm](https://www.coupang.com/np/search?q=%EC%95%88%EC%8B%AC4cm&channel=undefined \"안심4cm\")[호주산안심](https://www.coupang.com/np/search?q=%ED%98%B8%EC%A3%BC%EC%82%B0%EC%95%88%EC%8B%AC&channel=undefined \"호주산안심\")[싼쵸정육점4cm](https://www.coupang.com/np/search?q=%EC%8B%BC%EC%B5%B8%EC%A0%95%EC%9C%A1%EC%A0%904cm&channel=undefined \"싼쵸정육점4cm\")[안심스테이크4cm](https://www.coupang.com/np/search?q=%EC%95%88%EC%8B%AC%EC%8A%A4%ED%85%8C%EC%9D%B4%ED%81%AC4cm&channel=undefined \"안심스테이크4cm\")[소고기](https://www.coupang.com/np/search?q=%EC%86%8C%EA%B3%A0%EA%B8%B0&channel=undefined \"소고기\")[안심](https://www.coupang.com/np/search?q=%EC%95%88%EC%8B%AC&channel=undefined \"안심\")[소고기안심스테이크](https://www.coupang.com/np/search?q=%EC%86%8C%EA%B3%A0%EA%B8%B0%EC%95%88%EC%8B%AC%EC%8A%A4%ED%85%8C%EC%9D%B4%ED%81%AC&channel=undefined \"소고기안심스테이크\")\n\n*   [전체](https://www.coupang.com/np/search?q=%EC%8A%A4%ED%85%8C%EC%9D%B4%ED%81%AC%EC%9A%A9+%EC%95%88%EC%8B%AC)\n\n**'스테이크용 안심'**\n\n#### 필터\n\n*   ![Image 44: rocket_luxury,rocket,coupang_global](https://image.coupangcdn.com/image/badges/falcon/v1/web/rocket-all@2x.png) \n\n    *   ![Image 45: rocket_luxury](https://image.coupangcdn.com/image/coupang/rds/logo/iphone_2x/rds_logo_rlux_light_101719300269126@2x.png)만 보기 \n    *   ![Image 46: rocket](https://image.coupangcdn.com/image/badges/falcon/v1/web/txt_rocket@2x.png)만 보기 \n    *   ![Image 47: coupang_global](https://image.coupangcdn.com/image/badges/falcon/v1/web/txt_jikgu@2x.png)만 보기 \n\n*   ![Image 48: top_brand](https://image.coupangcdn.com/image/badges/top_brand/c-avenue.svg) \n*   무료배송 \n\n##### 카테고리\n\n*   [전체](https://www.coupang.com/) \n*   [식품](https://www.coupang.com/np/categories/194276) \n*   [헬스/건강식품](https://www.coupang.com/np/categories/305798) \n*   [쿠팡수입](https://www.coupang.com/np/categories/510691) \n*   [주방용품](https://www.coupang.com/np/categories/185669) \n*   [결혼준비](https://www.coupang.com/np/categories/416130) \n\n##### 브랜드\n\n*   미트엔조이 \n*   목우촌 \n*   gomgom \n*   보리육촌 \n*   농협안심한우 \n*   미트지엥 \n*   육감하누 \n*   설로인 \n*   이로우 \n*   설화우 \n*   전통참한우 \n*   한우맘 \n*   설성목장 \n*   동원홈푸드 \n*   안성한우 \n*   생생한우 \n*   이플원 \n*   팜스토리 \n*   참연담소 \n*   화담우 \n\n+ 더보기\n\n##### 낱개상품 여부\n\n*   낱개상품 \n\n##### 개당 중량\n\n*   1kg 이하 \n*   1~2kg \n*   2kg 이상 \n\n##### 총 중량\n\n*   300g 이하 \n*   300~500g \n*   500~700g \n*   700~1kg \n*   1~3kg \n*   3kg 이상 \n\n##### 보관방식\n\n*   냉장보관 \n*   냉동보관 \n\n##### 부위\n\n*   살치살 \n*   갈비 \n*   안심 \n*   부채살 \n*   채끝 \n*   토시살 \n*   안창살 \n*   등심 \n*   치마살 \n*   업진살 \n*   제비추리 \n*   양지 \n*   사태 \n*   설도 \n*   목심 \n\n+ 더보기\n\n##### 용도\n\n*   구이용 \n*   스테이크 \n*   국거리 \n*   불고기/샤브샤브 \n*   다짐육 \n*   이유식재료 \n*   찜/장조림 \n*   큐브/찹스테이크 \n\n+ 더보기\n\n##### 가공방식\n\n*   일반 \n*   시즈닝 \n*   양념 \n\n##### 한우 등급\n\n*   1++등급 \n*   1+등급 \n*   1등급 \n*   2등급 \n\n##### 유기농/친환경 등\n\n*   인증 있음 \n\n##### 종류\n\n*   소 \n\n##### 양념\n\n*   양념없음 \n\n##### 간편식\n\n*   즉석조리식품 \n*   밀키트 \n\n##### 별점\n\n*   별점 전체 \n*   4점 이상 \n*   3점 이상 \n*   2점 이상 \n*   1점 이상 \n\n##### 가격\n\n*   가격 전체 \n*   4만원 이하 \n*   4만원~8만원 \n*   8만원~12만원 \n*   12만원~16만원 \n*   16만원 이상 \n\n~원 검색 \n\n현재 검색 결과에 만족하셨나요?\n\n어떤 문제가 있었나요?\n\n*   추천해준 검색어가 도움이 안 돼요\n*   필터가 도움이 안 돼요\n*   관련 없는 상품이 있어요\n*   이미지나 정보가 부정확해요\n*   기타 원하는 옵션이 없어요\n\n**'스테이크용 안심'**에 대한 검색결과\n=======================\n\n연관검색어: [스테이크](https://www.coupang.com/np/search?q=%EC%8A%A4%ED%85%8C%EC%9D%B4%ED%81%AC&channel=relate \"스테이크\")[스테이크용소고기](https://www.coupang.com/np/search?q=%EC%8A%A4%ED%85%8C%EC%9D%B4%ED%81%AC%EC%9A%A9%EC%86%8C%EA%B3%A0%EA%B8%B0&channel=relate \"스테이크용소고기\")[싼쵸정육점](https://www.coupang.com/np/search?q=%EC%8B%BC%EC%B5%B8%EC%A0%95%EC%9C%A1%EC%A0%90&channel=relate \"싼쵸정육점\")[안심4cm](https://www.coupang.com/np/search?q=%EC%95%88%EC%8B%AC4cm&channel=relate \"안심4cm\")[호주산안심](https://www.coupang.com/np/search?q=%ED%98%B8%EC%A3%BC%EC%82%B0%EC%95%88%EC%8B%AC&channel=relate \"호주산안심\")[싼쵸정육점4cm](https://www.coupang.com/np/search?q=%EC%8B%BC%EC%B5%B8%EC%A0%95%EC%9C%A1%EC%A0%904cm&channel=relate \"싼쵸정육점4cm\")[안심스테이크4cm](https://www.coupang.com/np/search?q=%EC%95%88%EC%8B%AC%EC%8A%A4%ED%85%8C%EC%9D%B4%ED%81%AC4cm&channel=relate \"안심스테이크4cm\")[소고기](https://www.coupang.com/np/search?q=%EC%86%8C%EA%B3%A0%EA%B8%B0&channel=relate \"소고기\")[안심](https://www.coupang.com/np/search?q=%EC%95%88%EC%8B%AC&channel=relate \"안심\")[소고기안심스테이크](https://www.coupang.com/np/search?q=%EC%86%8C%EA%B3%A0%EA%B8%B0%EC%95%88%EC%8B%AC%EC%8A%A4%ED%85%8C%EC%9D%B4%ED%81%AC&channel=relate \"소고기안심스테이크\")\n\n배송비 포함 \n\n*   쿠팡 랭킹순 \n\n설명 \n\n쿠팡 랭킹순은 판매 실적, 고객 선호도, 상품 경쟁력 및\n\n검색 정확도 등을 종합적으로 고려한 것입니다.\n    *   판매 실적 : 상품의 구매 건수\n    *   고객 선호도 : 상품 및 판매자에 대한 고객평가 등\n    *   상품 경쟁력 : 상품 가격, 배송 기간 등\n    *   검색 정확도 : 검색어와 상품 간 연관도 등\n\n이 밖에 쿠팡 랭킹순에는 고객의 편의 및 만족도\n\n향상을 위한 추가적인 요소가 수시로 반영될 수 있습니다.\n\n*   낮은가격순 \n*   높은가격순 \n*   판매량순 \n*   최신순 \n\n*   36 개씩 보기 \n*   48 개씩 보기 \n*   60 개씩 보기 \n*   72 개씩 보기 \n\n필터\n\n![Image 49](https://thumbnail3.coupangcdn.com/thumbnails/remote/292x292q65ex/image/vendor_inventory/757c/861892af05ed21b10366bd589d678df1888ed616b58ae4ad4cf678bba985.png)\n\n도담우 국내산 안심 소고기 안심스테이크 구이용 (와사비솔트 증정), 1개, 200g\n\n무료배송\n\n12/2(화) 도착 예정\n\n(15)\n\n![Image 50](http://image6.coupangcdn.com/image/cmg/srp/topBanner/android/cta_arrow_xxxhdpi.png)\n\n광고\n\n![Image 51](https://image.coupangcdn.com/image/cmg/common/tooltip-icon@2x.png)\n\n*   [![Image 52: [마블플러스] 호주산 안심 원육 냉동 호주청정우 캠핑용 가정용 홈파티용, ★(냉동) 안심 원물 2kg, 1개](https://thumbnail.coupangcdn.com/thumbnails/remote/320x320ex/image/vendor_inventory/6fdb/9de077edf9f522d13fa3cdc944d280b2f0611e1d0f01c5a962d3ef3a28b4.jpg) [마블플러스] 호주산 안심 원육 냉동 호주청정우 캠핑용 가정용 홈파티용, ★(냉동) 안심 원물 2kg, 1개 할인· 09:12:50~~300,000원~~ 63% 110,900원 (100g당 5,545원) 12/3(수) 도착 예정 무료배송 4.5 (18) **단 1개 남음**빨리 주문하세요! 쿠팡으로부터 광고 서비스를 구매한 제휴업체의 판매상품으로 일반 상품보다 우선 정렬됩니다. AD](https://www.coupang.com/vp/products/5351664081?itemId=7874612281&vendorItemId=75164229480&sourceType=srp_product_ads&clickEventId=45237240-cc7b-11f0-9124-0e820f1410c4&korePlacement=15&koreSubPlacement=1&clickEventId=45237240-cc7b-11f0-9124-0e820f1410c4&korePlacement=15&koreSubPlacement=1)\n*   [![Image 53: 미트엔조이 호주산 안심 스테이크 (냉장), 150g, 2개](https://thumbnail.coupangcdn.com/thumbnails/remote/320x320ex/image/retail/images/00dd3f8e-b0e9-480c-ac3f-56cb2f99d6232934876873180099677.png)![Image 54](https://image.coupangcdn.com/image/badges/cou_pick/web/coupick@2x.png) 202원 캐시 적립 미트엔조이 호주산 안심 스테이크 (냉장), 150g, 2개 21,200원 (100g당 7,067원) 1,000원 와우 가입 쿠폰 ![Image 55](https://image.coupangcdn.com/image/badges/falcon/v1/web/rocket-fresh@2x.png) 오늘(토) 도착 보장 4.5 (7046) 1](https://www.coupang.com/vp/products/1131265475?itemId=19224578756&vendorItemId=86341241778&pickType=COU_PICK&q=%EC%8A%A4%ED%85%8C%EC%9D%B4%ED%81%AC%EC%9A%A9%20%EC%95%88%EC%8B%AC&searchId=fd4c7a1d48845&sourceType=search&itemsCount=36&searchRank=1&rank=1)\n*   [![Image 56: 목우촌 국내산 소고기 안심 스테이크용 (냉장), 300g, 1개](https://thumbnail.coupangcdn.com/thumbnails/remote/320x320ex/image/retail/images/2022/10/17/15/8/20f881c7-cde2-4875-9333-1336c5991a64.jpg) 목우촌 국내산 소고기 안심 스테이크용 (냉장), 300g, 1개 ~~49,990원~~ 40% 29,850원 (100g당 9,950원) ![Image 57](https://image.coupangcdn.com/image/badges/falcon/v1/web/rocket-fresh@2x.png) 오늘(토) 도착 보장 5 (2069) 2](https://www.coupang.com/vp/products/6853353255?itemId=16335580395&vendorItemId=83527502996&q=%EC%8A%A4%ED%85%8C%EC%9D%B4%ED%81%AC%EC%9A%A9%20%EC%95%88%EC%8B%AC&searchId=fd4c7a1d48845&sourceType=search&itemsCount=36&searchRank=2&rank=2)\n*   [![Image 58: 곰곰 호주산 소고기 안심 스테이크용 (냉장), 300g, 1개](https://thumbnail.coupangcdn.com/thumbnails/remote/320x320ex/image/retail/images/872941473544487-5f9b60d7-d0f0-4a76-96e8-889427a5f7a3.jpg) 곰곰 호주산 소고기 안심 스테이크용 (냉장), 300g, 1개 ~~19,000원~~ 8% 17,320원 (100g당 5,773원) ![Image 59](https://image.coupangcdn.com/image/badges/falcon/v1/web/rocket-fresh@2x.png) 오늘(토) 도착 보장 4.5 (481) 3](https://www.coupang.com/vp/products/8308632352?itemId=23972924493&vendorItemId=90994261415&q=%EC%8A%A4%ED%85%8C%EC%9D%B4%ED%81%AC%EC%9A%A9%20%EC%95%88%EC%8B%AC&searchId=fd4c7a1d48845&sourceType=search&itemsCount=36&searchRank=3&rank=3)\n*   [![Image 60: 목우촌 국내산 소고기 안심 (냉장), 300g, 1개](https://thumbnail.coupangcdn.com/thumbnails/remote/320x320ex/image/retail/images/2451551721622664-fe9a124c-4a84-4eae-bf94-43abee8ca653.jpg) 목우촌 국내산 소고기 안심 (냉장), 300g, 1개 29,850원 (100g당 9,950원) ![Image 61](https://image.coupangcdn.com/image/badges/falcon/v1/web/rocket-fresh@2x.png) 오늘(토) 도착 보장 4.5 (7855) 4](https://www.coupang.com/vp/products/1267767183?itemId=2271396074&vendorItemId=70268609297&q=%EC%8A%A4%ED%85%8C%EC%9D%B4%ED%81%AC%EC%9A%A9%20%EC%95%88%EC%8B%AC&searchId=fd4c7a1d48845&sourceType=search&itemsCount=36&searchRank=4&rank=4)\n*   [![Image 62: [예담우] 소고기 국내산 냉장 안심 스테이크 로스 구이용 캠핑, 4개, 250g](https://thumbnail.coupangcdn.com/thumbnails/remote/320x320ex/image/vendor_inventory/fc90/27d26dbd2a1c932fc7ddd4aedeadb4deb6d551144cc38b4a0a69a176fb29.jpg) [예담우] 소고기 국내산 냉장 안심 스테이크 로스 구이용 캠핑, 4개, 250g 할인~~38,900원~~ 12% 34,110원 (100g당 3,411원) 12/4(목) 도착 예정 무료배송 4 (183) 5](https://www.coupang.com/vp/products/8703375562?itemId=25274863778&vendorItemId=92270510007&q=%EC%8A%A4%ED%85%8C%EC%9D%B4%ED%81%AC%EC%9A%A9%20%EC%95%88%EC%8B%AC&searchId=fd4c7a1d48845&sourceType=search&itemsCount=36&searchRank=5&rank=5)\n*   [![Image 63: 미트엔조이 호주산 안심 스테이크 (냉장), 150g, 1개](https://thumbnail.coupangcdn.com/thumbnails/remote/320x320ex/image/retail/images/2023/02/21/14/8/5d5e97e6-64d1-40f2-9170-866da51eb806.jpg)96원 캐시 적립 미트엔조이 호주산 안심 스테이크 (냉장), 150g, 1개 12,350원 (100g당 8,233원) 1,000원 와우 가입 쿠폰 ![Image 64](https://image.coupangcdn.com/image/badges/falcon/v1/web/rocket-fresh@2x.png) 오늘(토) 도착 보장 4.5 (7046) 6](https://www.coupang.com/vp/products/1131265475?itemId=18074171254&vendorItemId=85227325299&q=%EC%8A%A4%ED%85%8C%EC%9D%B4%ED%81%AC%EC%9A%A9%20%EC%95%88%EC%8B%AC&searchId=fd4c7a1d48845&sourceType=search&itemsCount=36&searchRank=6&rank=6)\n*   [![Image 65: 곰곰 호주산 소고기 안심 스테이크용 (냉장), 300g, 2개](https://thumbnail.coupangcdn.com/thumbnails/remote/320x320ex/image/retail/images/972771561383357-ff0f6fc1-d440-43c9-8887-856bf8883788.jpg) 곰곰 호주산 소고기 안심 스테이크용 (냉장), 300g, 2개 ~~38,000원~~ 12% 33,260원 (100g당 5,543원) ![Image 66](https://image.coupangcdn.com/image/badges/falcon/v1/web/rocket-fresh@2x.png) 오늘(토) 도착 보장 4.5 (481) 7](https://www.coupang.com/vp/products/8308632352?itemId=24190543436&vendorItemId=91208284443&q=%EC%8A%A4%ED%85%8C%EC%9D%B4%ED%81%AC%EC%9A%A9%20%EC%95%88%EC%8B%AC&searchId=fd4c7a1d48845&sourceType=search&itemsCount=36&searchRank=7&rank=7)\n*   [![Image 67: 호주산 소고기 안심 스테이크용 (냉장), 150g, 2개](https://thumbnail.coupangcdn.com/thumbnails/remote/320x320ex/image/retail/images/5a280940-0e92-46e6-9068-13a9f9f28c446840219603133673052.png) 호주산 소고기 안심 스테이크용 (냉장), 150g, 2개 ~~38,000원~~ 46% 20,200원 (100g당 6,733원) ![Image 68](https://image.coupangcdn.com/image/badges/falcon/v1/web/rocket-fresh@2x.png) 오늘(토) 도착 보장 4.5 (850) 8](https://www.coupang.com/vp/products/8308632346?itemId=24190542635&vendorItemId=91208283868&q=%EC%8A%A4%ED%85%8C%EC%9D%B4%ED%81%AC%EC%9A%A9%20%EC%95%88%EC%8B%AC&searchId=fd4c7a1d48845&sourceType=search&itemsCount=36&searchRank=8&rank=8)\n*   [![Image 69: 호주산 안심 메가 스테이크용 (냉장), 1.1kg, 1개](https://thumbnail.coupangcdn.com/thumbnails/remote/320x320ex/image/retail/images/1225246030852388-fa857f59-d2dc-45f9-8317-ba0bd6893912.jpg) 호주산 안심 메가 스테이크용 (냉장), 1.1kg, 1개 ~~92,900원~~ 19% 74,610원 (100g당 6,783원) ![Image 70](https://image.coupangcdn.com/image/badges/falcon/v1/web/rocket-fresh@2x.png) 내일(일) 새벽 도착 보장 4.5 (377) 9](https://www.coupang.com/vp/products/7216851629?itemId=18278217119&vendorItemId=85424229472&q=%EC%8A%A4%ED%85%8C%EC%9D%B4%ED%81%AC%EC%9A%A9%20%EC%95%88%EC%8B%AC&searchId=fd4c7a1d48845&sourceType=search&itemsCount=36&searchRank=9&rank=9)\n*   [![Image 71: 농장을부탁해 프리미엄 국내산 안심 소고기 지방이 적은 스테이크용 안심 스킨포장, 1박스, 200g](https://thumbnail.coupangcdn.com/thumbnails/remote/320x320ex/image/vendor_inventory/ac83/2ff0132940c3291a9dd6706bb55f1571685a9f44d91de65b6b2e948d8bdc.png) 농장을부탁해 프리미엄 국내산 안심 소고기 지방이 적은 스테이크용 안심 스킨포장, 1박스, 200g 할인· 09:12:50~~27,150원~~ 26% 20,000원 (100g당 10,000원) 12/4(목) 도착 예정 무료배송 10](https://www.coupang.com/vp/products/9174315857?itemId=27043448521&vendorItemId=94011887948&q=%EC%8A%A4%ED%85%8C%EC%9D%B4%ED%81%AC%EC%9A%A9%20%EC%95%88%EC%8B%AC&searchId=fd4c7a1d48845&sourceType=search&itemsCount=36&searchRank=10&rank=10)\n*   [![Image 72: 호주산 우안심 스테이크용 (냉장), 300g, 1팩](https://thumbnail.coupangcdn.com/thumbnails/remote/320x320ex/image/retail/images/69455979478553-5ba863de-0ee7-4cd5-9d09-df9c4bbcfe4d.jpg) 호주산 우안심 스테이크용 (냉장), 300g, 1팩 17,320원 (100g당 5,773원) ![Image 73](https://image.coupangcdn.com/image/badges/falcon/v1/web/rocket-fresh@2x.png) 오늘(토) 도착 보장 4.5 (3920)](https://www.coupang.com/vp/products/1524431303?itemId=2615641677&vendorItemId=70606681290&q=%EC%8A%A4%ED%85%8C%EC%9D%B4%ED%81%AC%EC%9A%A9%20%EC%95%88%EC%8B%AC&searchId=fd4c7a1d48845&sourceType=search&itemsCount=36&searchRank=11&rank=11)\n*   [![Image 74: 미트엔조이 호주산 안심 스테이크 (냉장), 150g, 3개](https://thumbnail.coupangcdn.com/thumbnails/remote/320x320ex/image/retail/images/f32bf8e5-b2af-46f8-adf2-4474135471554741686276477329157.png)308원 캐시 적립 미트엔조이 호주산 안심 스테이크 (냉장), 150g, 3개 31,800원 (100g당 7,067원) 1,000원 와우 가입 쿠폰 ![Image 75](https://image.coupangcdn.com/image/badges/falcon/v1/web/rocket-fresh@2x.png) 오늘(토) 도착 보장 4.5 (7046)](https://www.coupang.com/vp/products/1131265475?itemId=19224579194&vendorItemId=86341242031&q=%EC%8A%A4%ED%85%8C%EC%9D%B4%ED%81%AC%EC%9A%A9%20%EC%95%88%EC%8B%AC&searchId=fd4c7a1d48845&sourceType=search&itemsCount=36&searchRank=12&rank=12)\n*   [![Image 76: 곰곰 호주산 소고기 안심 스테이크용 (냉장), 300g, 3개](https://thumbnail.coupangcdn.com/thumbnails/remote/320x320ex/image/retail/images/873079954912554-4e9fad88-e31d-48d8-90f6-e7eafca9707b.jpg) 곰곰 호주산 소고기 안심 스테이크용 (냉장), 300g, 3개 ~~57,000원~~ 12% 49,890원 (100g당 5,543원) ![Image 77](https://image.coupangcdn.com/image/badges/falcon/v1/web/rocket-fresh@2x.png) 오늘(토) 도착 보장 4.5 (481)](https://www.coupang.com/vp/products/8308632352?itemId=24190543608&vendorItemId=91208284578&q=%EC%8A%A4%ED%85%8C%EC%9D%B4%ED%81%AC%EC%9A%A9%20%EC%95%88%EC%8B%AC&searchId=fd4c7a1d48845&sourceType=search&itemsCount=36&searchRank=13&rank=13)\n*   [![Image 78: 호주산 우안심 스테이크용 (냉장), 300g, 2팩](https://thumbnail.coupangcdn.com/thumbnails/remote/320x320ex/image/retail/images/69562227059367-608ad9a4-e58d-4024-9292-1a09557d29bd.jpg) 호주산 우안심 스테이크용 (냉장), 300g, 2팩 33,600원 (100g당 5,600원) ![Image 79](https://image.coupangcdn.com/image/badges/falcon/v1/web/rocket-fresh@2x.png) 오늘(토) 도착 보장 4.5 (3920)](https://www.coupang.com/vp/products/1524431303?itemId=19225067848&vendorItemId=86341723654&q=%EC%8A%A4%ED%85%8C%EC%9D%B4%ED%81%AC%EC%9A%A9%20%EC%95%88%EC%8B%AC&searchId=fd4c7a1d48845&sourceType=search&itemsCount=36&searchRank=14&rank=14)\n*   [![Image 80: [G][남도명가] 1등급 한우 안심 (250g/스테이크용), 2개, 250g](https://thumbnail.coupangcdn.com/thumbnails/remote/320x320ex/image/vendor_inventory/f9db/f2cf563a0c3e36eaee58d6c7e8ed0f4af0b44e244cafcab25d9d00e2f95c.jpg) [G][남도명가] 1등급 한우 안심 (250g/스테이크용), 2개, 250g ~~39,900원~~ 2% 38,800원 (100g당 7,760원) 12/4(목) 도착 예정 무료배송 ∙ 무료반품](https://www.coupang.com/vp/products/9032015972?itemId=26633835460&vendorItemId=93606630951&q=%EC%8A%A4%ED%85%8C%EC%9D%B4%ED%81%AC%EC%9A%A9%20%EC%95%88%EC%8B%AC&searchId=fd4c7a1d48845&sourceType=search&itemsCount=36&searchRank=15&rank=15)\n*   [![Image 81: 한우맘 한우 안심 1등급 구이용 (냉장), 200g, 1개](https://thumbnail.coupangcdn.com/thumbnails/remote/320x320ex/image/retail/images/423529516559393-06320a28-77d4-4942-81cd-2a492c64ca8a.jpg) 한우맘 한우 안심 1등급 구이용 (냉장), 200g, 1개 ~~35,760원~~ 36% 22,780원 (100g당 11,390원) ![Image 82](https://image.coupangcdn.com/image/badges/falcon/v1/web/rocket-fresh@2x.png) 오늘(토) 도착 보장 4.5 (248)](https://www.coupang.com/vp/products/8263262064?itemId=23807049464&vendorItemId=90830891267&q=%EC%8A%A4%ED%85%8C%EC%9D%B4%ED%81%AC%EC%9A%A9%20%EC%95%88%EC%8B%AC&searchId=fd4c7a1d48845&sourceType=search&itemsCount=36&searchRank=16&rank=16)\n*   [![Image 83: 이로우 국내산 무항생제 소고기 안심 스테이크용 (냉장), 200g, 1개](https://thumbnail.coupangcdn.com/thumbnails/remote/320x320ex/image/retail/images/2020/09/25/18/1/2428904f-bb51-48c3-a85c-3dc0792a8541.jpg) 이로우 국내산 무항생제 소고기 안심 스테이크용 (냉장), 200g, 1개 23,300원 (100g당 11,650원) ![Image 84](https://image.coupangcdn.com/image/badges/falcon/v1/web/rocket-fresh@2x.png) 오늘(토) 도착 보장 4.5 (870)](https://www.coupang.com/vp/products/2175244990?itemId=3701410400&vendorItemId=71686697280&q=%EC%8A%A4%ED%85%8C%EC%9D%B4%ED%81%AC%EC%9A%A9%20%EC%95%88%EC%8B%AC&searchId=fd4c7a1d48845&sourceType=search&itemsCount=36&searchRank=17&rank=17)\n*   [![Image 85: 농협안심한우 안심 1+등급 구이용 (냉장), 200g, 1개](https://thumbnail.coupangcdn.com/thumbnails/remote/320x320ex/image/retail/images/5490453203704712-5a98c40b-a303-43ce-b9c2-59c6ab6b7212.jpg) 농협안심한우 안심 1+등급 구이용 (냉장), 200g, 1개 ~~37,760원~~ 33% 25,240원 (100g당 12,620원) ![Image 86](https://image.coupangcdn.com/image/badges/falcon/v1/web/rocket-fresh@2x.png) 오늘(토) 도착 보장 4.5 (899)](https://www.coupang.com/vp/products/7073094088?itemId=17571202904&vendorItemId=84737944811&q=%EC%8A%A4%ED%85%8C%EC%9D%B4%ED%81%AC%EC%9A%A9%20%EC%95%88%EC%8B%AC&searchId=fd4c7a1d48845&sourceType=search&itemsCount=36&searchRank=18&rank=18)\n*   [![Image 87: 프리미엄 안창살 시즈닝 스테이크 2인분, 1개, 600g](https://thumbnail.coupangcdn.com/thumbnails/remote/320x320ex/image/vendor_inventory/1da6/d2281ffbc575279b731c7566ac6b5146b7bab0f3ee9edb7a277f43c61af0.png) 프리미엄 안창살 시즈닝 스테이크 2인분, 1개, 600g 할인~~59,000원~~ 66% 19,900원 (100g당 3,317원) 12/2(화) 도착 예정 무료배송 ∙ 오늘출발 4.5 (72) 쿠팡으로부터 광고 서비스를 구매한 제휴업체의 판매상품으로 일반 상품보다 우선 정렬됩니다. AD](https://www.coupang.com/vp/products/8591683884?itemId=24911447235&vendorItemId=91917861829&sourceType=srp_product_ads&clickEventId=45237240-cc7b-11f0-bbb3-21a5dbeb7364&korePlacement=15&koreSubPlacement=20&clickEventId=45237240-cc7b-11f0-bbb3-21a5dbeb7364&korePlacement=15&koreSubPlacement=20)\n*   [![Image 88: [이겼소] 국내산 냉장 안심 소고기 1kg 덩어리, 1개](https://thumbnail.coupangcdn.com/thumbnails/remote/320x320ex/image/vendor_inventory/8015/4e1e063e7a0c6d513e09662f0b93a54b3de284850aa782da78260ae61eea.png) [이겼소] 국내산 냉장 안심 소고기 1kg 덩어리, 1개 ~~62,900원~~ 4% 59,900원 (100g당 5,990원) 12/2(화) 도착 예정 무료배송 ∙ 오늘출발 4.5 (93) 쿠팡으로부터 광고 서비스를 구매한 제휴업체의 판매상품으로 일반 상품보다 우선 정렬됩니다. AD](https://www.coupang.com/vp/products/7658301985?itemId=20395447897&vendorItemId=82461924091&sourceType=srp_product_ads&clickEventId=45237240-cc7b-11f0-bd77-f7ec4d27d54d&korePlacement=15&koreSubPlacement=21&clickEventId=45237240-cc7b-11f0-bd77-f7ec4d27d54d&korePlacement=15&koreSubPlacement=21)\n*   [![Image 89: 호주산 소고기 안심 스테이크용 (냉장), 150g, 1개](https://thumbnail.coupangcdn.com/thumbnails/remote/320x320ex/image/retail/images/2374022086606068-03b45249-6811-4f3f-8051-e5903f7b5d04.jpg) 호주산 소고기 안심 스테이크용 (냉장), 150g, 1개 ~~19,000원~~ 41% 11,070원 (100g당 7,380원) ![Image 90](https://image.coupangcdn.com/image/badges/falcon/v1/web/rocket-fresh@2x.png) 오늘(토) 도착 보장 4.5 (850)](https://www.coupang.com/vp/products/8308632346?itemId=23972924464&vendorItemId=90994261389&q=%EC%8A%A4%ED%85%8C%EC%9D%B4%ED%81%AC%EC%9A%A9%20%EC%95%88%EC%8B%AC&searchId=fd4c7a1d48845&sourceType=search&itemsCount=36&searchRank=21&rank=21)\n*   [![Image 91: 호주산 안심 메가 스테이크용 (냉장), 1.1kg, 1개](https://thumbnail.coupangcdn.com/thumbnails/remote/320x320ex/image/retail/images/1225246030852388-fa857f59-d2dc-45f9-8317-ba0bd6893912.jpg) 호주산 안심 메가 스테이크용 (냉장), 1.1kg, 1개 ~~92,900원~~ 19% 74,610원 (100g당 6,783원) ![Image 92](https://image.coupangcdn.com/image/badges/falcon/v1/web/rocket-fresh@2x.png) 내일(일) 새벽 도착 보장 4.5 (377) 쿠팡으로부터 광고 서비스를 구매한 제휴업체의 판매상품으로 일반 상품보다 우선 정렬됩니다. AD](https://www.coupang.com/vp/products/7216851629?itemId=18278217119&vendorItemId=85424229472&sourceType=srp_product_ads&clickEventId=45237240-cc7b-11f0-91bb-5d91d8a2acb8&korePlacement=15&koreSubPlacement=23&clickEventId=45237240-cc7b-11f0-91bb-5d91d8a2acb8&korePlacement=15&koreSubPlacement=23)\n*   [![Image 93: 미국산 초이스등급 세절 구이용 안심 200g x 2팩 (2-3인분), 2개](https://thumbnail.coupangcdn.com/thumbnails/remote/320x320ex/image/vendor_inventory/58e5/49fccf86e8d5bd347dc724571881de725eae2d22bdc6fc9f9c483ecfb49e.jpg) 미국산 초이스등급 세절 구이용 안심 200g x 2팩 (2-3인분), 2개 쿠폰할인~~27,750원~~ 33% 18,500원 (100g당 4,625원) 12/3(수) 도착 예정 무료배송](https://www.coupang.com/vp/products/9181870125?itemId=27078947977&vendorItemId=94047218075&q=%EC%8A%A4%ED%85%8C%EC%9D%B4%ED%81%AC%EC%9A%A9%20%EC%95%88%EC%8B%AC&searchId=fd4c7a1d48845&sourceType=search&itemsCount=36&searchRank=23&rank=23)\n*   [![Image 94: 미트엔조이 호주산 안심 스테이크 (냉장), 150g, 4개](https://thumbnail.coupangcdn.com/thumbnails/remote/320x320ex/image/retail/images/162513a3-bed4-4eea-a3c9-a1d594ec292e6650428623529804713.png)414원 캐시 적립 미트엔조이 호주산 안심 스테이크 (냉장), 150g, 4개 42,400원 (100g당 7,067원) 1,000원 와우 가입 쿠폰 ![Image 95](https://image.coupangcdn.com/image/badges/falcon/v1/web/rocket-fresh@2x.png) 오늘(토) 도착 보장 4.5 (7046)](https://www.coupang.com/vp/products/1131265475?itemId=19224579859&vendorItemId=86341242734&q=%EC%8A%A4%ED%85%8C%EC%9D%B4%ED%81%AC%EC%9A%A9%20%EC%95%88%EC%8B%AC&searchId=fd4c7a1d48845&sourceType=search&itemsCount=36&searchRank=24&rank=24)\n*   [![Image 96: 목우촌 국내산 소고기 안심 스테이크용 (냉장), 300g, 2개](https://thumbnail.coupangcdn.com/thumbnails/remote/320x320ex/image/retail/images/b51b328d-056c-4773-a4b1-9dfcc6d289558267042758503363155.png) 목우촌 국내산 소고기 안심 스테이크용 (냉장), 300g, 2개 ~~99,980원~~ 42% 57,900원 (100g당 9,650원) ![Image 97](https://image.coupangcdn.com/image/badges/falcon/v1/web/rocket-fresh@2x.png) 오늘(토) 도착 보장 5 (2069)](https://www.coupang.com/vp/products/6853353255?itemId=25240311206&vendorItemId=92236378161&q=%EC%8A%A4%ED%85%8C%EC%9D%B4%ED%81%AC%EC%9A%A9%20%EC%95%88%EC%8B%AC&searchId=fd4c7a1d48845&sourceType=search&itemsCount=36&searchRank=25&rank=25)\n*   [![Image 98: 호주산 우안심 스테이크용 (냉장), 300g, 4팩](https://thumbnail.coupangcdn.com/thumbnails/remote/320x320ex/image/retail/images/d226f097-c3fe-4735-88da-152ade508b876314797427696599616.png) 호주산 우안심 스테이크용 (냉장), 300g, 4팩 63,880원 (100g당 5,323원) ![Image 99](https://image.coupangcdn.com/image/badges/falcon/v1/web/rocket-fresh@2x.png) 오늘(토) 도착 보장 4.5 (3920) 품절임박](https://www.coupang.com/vp/products/1524431303?itemId=25295812629&vendorItemId=92291131861&q=%EC%8A%A4%ED%85%8C%EC%9D%B4%ED%81%AC%EC%9A%A9%20%EC%95%88%EC%8B%AC&searchId=fd4c7a1d48845&sourceType=search&itemsCount=36&searchRank=26&rank=26)\n*   [![Image 100: 목우촌 국내산 소고기 안심 (냉장), 300g, 2개](https://thumbnail.coupangcdn.com/thumbnails/remote/320x320ex/image/retail/images/7cab4590-3ce1-46b5-b48c-16cc29f5b0eb4701291726938897844.png) 목우촌 국내산 소고기 안심 (냉장), 300g, 2개 57,900원 (100g당 9,650원) ![Image 101](https://image.coupangcdn.com/image/badges/falcon/v1/web/rocket-fresh@2x.png) 오늘(토) 도착 보장 4.5 (7855)](https://www.coupang.com/vp/products/1267767183?itemId=25240310870&vendorItemId=92236377943&q=%EC%8A%A4%ED%85%8C%EC%9D%B4%ED%81%AC%EC%9A%A9%20%EC%95%88%EC%8B%AC&searchId=fd4c7a1d48845&sourceType=search&itemsCount=36&searchRank=27&rank=27)\n*   [![Image 102: 우마왕 한우 안심 스테이크용 1++ 구이용 소고기, 1개, 200g](https://thumbnail.coupangcdn.com/thumbnails/remote/320x320ex/image/vendor_inventory/c68b/ecdfcd6ae101092a03e0272b7bdc404ab9c96504e9b4ac64d23da0f5bca2.jpg) 우마왕 한우 안심 스테이크용 1++ 구이용 소고기, 1개, 200g 쿠폰할인· 20:02:50~~76,000원~~ 34% 49,500원 (100g당 24,750원) 12/2(화) 도착 예정 무료배송 ∙ 오늘출발 ∙ 무료반품 4.5 (2)](https://www.coupang.com/vp/products/9122025719?itemId=26832854866&vendorItemId=93802902802&q=%EC%8A%A4%ED%85%8C%EC%9D%B4%ED%81%AC%EC%9A%A9%20%EC%95%88%EC%8B%AC&searchId=fd4c7a1d48845&sourceType=search&itemsCount=36&searchRank=28&rank=28)\n*   [![Image 103: 도담우 국내산 안심 소고기 안심스테이크 구이용 (와사비솔트 증정), 1개, 200g](https://thumbnail.coupangcdn.com/thumbnails/remote/320x320ex/image/vendor_inventory/757c/861892af05ed21b10366bd589d678df1888ed616b58ae4ad4cf678bba985.png) 도담우 국내산 안심 소고기 안심스테이크 구이용 (와사비솔트 증정), 3개, 200g ~~58,000원~~ 6% 54,000원 (100g당 9,000원) 12/2(화) 도착 예정 무료배송 ∙ 오늘출발 4.5 (15)](https://www.coupang.com/vp/products/9021041693?itemId=26449903814&vendorItemId=93425381661&q=%EC%8A%A4%ED%85%8C%EC%9D%B4%ED%81%AC%EC%9A%A9%20%EC%95%88%EC%8B%AC&searchId=fd4c7a1d48845&sourceType=search&itemsCount=36&searchRank=29&rank=29)\n*   [![Image 104: 도담우 국내산 안심 소고기 안심스테이크 구이용 (와사비솔트 증정), 1개, 200g](https://thumbnail.coupangcdn.com/thumbnails/remote/320x320ex/image/vendor_inventory/757c/861892af05ed21b10366bd589d678df1888ed616b58ae4ad4cf678bba985.png) 도담우 국내산 안심 소고기 안심스테이크 구이용 (와사비솔트 증정), 1개, 200g ~~24,000원~~ 16% 20,000원 (100g당 10,000원) 12/2(화) 도착 예정 무료배송 ∙ 오늘출발 4.5 (15)](https://www.coupang.com/vp/products/9021041693?itemId=26449903797&vendorItemId=93425381660&q=%EC%8A%A4%ED%85%8C%EC%9D%B4%ED%81%AC%EC%9A%A9%20%EC%95%88%EC%8B%AC&searchId=fd4c7a1d48845&sourceType=search&itemsCount=36&searchRank=30&rank=30)\n*   [![Image 105: 1++ 한우 투뿔 모듬세트 600g 구이용 최고급, 1개](https://thumbnail.coupangcdn.com/thumbnails/remote/320x320ex/image/vendor_inventory/88f2/a913a1e3d80a010a1aef581b6c2553946d31726d01ecd391db112c92ef03.png) 1++ 한우 투뿔 모듬세트 600g 구이용 최고급, 1개 할인~~150,000원~~ 57% 64,000원 (1세트당 64,000원) 12/2(화) 도착 예정 무료배송 ∙ 오늘출발 4.5 (484) 쿠팡으로부터 광고 서비스를 구매한 제휴업체의 판매상품으로 일반 상품보다 우선 정렬됩니다. AD](https://www.coupang.com/vp/products/8597589368?itemId=24929521094&vendorItemId=91935697992&sourceType=srp_product_ads&clickEventId=45239950-cc7b-11f0-a6ce-75bbd2509194&korePlacement=15&koreSubPlacement=37&clickEventId=45239950-cc7b-11f0-a6ce-75bbd2509194&korePlacement=15&koreSubPlacement=37)\n*   [![Image 106: 도담우 국내산 채끝 소고기 채끝등심 숙성채끝 채끝스테이크 구이용 (와사비솔트 증정), 1개, 200g](https://thumbnail.coupangcdn.com/thumbnails/remote/320x320ex/image/vendor_inventory/8e55/d60431832548737d68f88587744422c56302e75b651dfc59c2bb47bf3799.jpg) 도담우 국내산 채끝 소고기 채끝등심 숙성채끝 채끝스테이크 구이용 (와사비솔트 증정), 1개, 200g 할인· 09:12:50~~20,000원~~ 23% 15,300원 (100g당 7,650원) 12/2(화) 도착 예정 무료배송 ∙ 오늘출발 5 (12) 품절임박 쿠팡으로부터 광고 서비스를 구매한 제휴업체의 판매상품으로 일반 상품보다 우선 정렬됩니다. AD](https://www.coupang.com/vp/products/8949870036?itemId=26178389620&vendorItemId=94121723433&sourceType=srp_product_ads&clickEventId=45239950-cc7b-11f0-9576-acecc7b1c5e0&korePlacement=15&koreSubPlacement=38&clickEventId=45239950-cc7b-11f0-9576-acecc7b1c5e0&korePlacement=15&koreSubPlacement=38)\n*   [![Image 107: 프리미엄 호주산 부채살 슬라이스 구이용 스테이크용, 1개, 1kg](https://thumbnail.coupangcdn.com/thumbnails/remote/320x320ex/image/vendor_inventory/64fc/362215844a91435b5e1f66651906a9af074124d48c4b4c2934e529f268d2.jpg) 프리미엄 호주산 부채살 슬라이스 구이용 스테이크용, 1개, 1kg ~~29,300원~~ 20% 23,440원 (100g당 2,344원) 12/4(목) 도착 예정 무료배송 ∙ 무료반품 **단 5개 남음**빨리 주문하세요! 쿠팡으로부터 광고 서비스를 구매한 제휴업체의 판매상품으로 일반 상품보다 우선 정렬됩니다. AD](https://www.coupang.com/vp/products/9179229093?itemId=27066948252&vendorItemId=94035290302&sourceType=srp_product_ads&clickEventId=45239950-cc7b-11f0-b649-683b90d263f2&korePlacement=15&koreSubPlacement=40&clickEventId=45239950-cc7b-11f0-b649-683b90d263f2&korePlacement=15&koreSubPlacement=40)\n*   [![Image 108: [마블플러스] 뉴질랜드 안심 원육 자연방목 목초사육 캠핑용 가정용 홈파티용, 1개](https://thumbnail.coupangcdn.com/thumbnails/remote/320x320ex/image/vendor_inventory/a524/28ba277da2d8ee9c4fbf4bff7b141300f6c3bad27fd6b41c379e9fae4277.jpg) [마블플러스] 뉴질랜드 안심 원육 자연방목 목초사육 캠핑용 가정용 홈파티용, 1개 할인· 09:12:50~~108,900원~~ 16% 90,900원 (100g당 6,060원) 12/3(수) 도착 예정 무료배송 4.5 (117) **단 2개 남음**빨리 주문하세요! 쿠팡으로부터 광고 서비스를 구매한 제휴업체의 판매상품으로 일반 상품보다 우선 정렬됩니다. AD](https://www.coupang.com/vp/products/6134703372?itemId=17107152697&vendorItemId=84280916644&sourceType=srp_product_ads&clickEventId=45239950-cc7b-11f0-a4c0-83e8ce357681&korePlacement=15&koreSubPlacement=41&clickEventId=45239950-cc7b-11f0-a4c0-83e8ce357681&korePlacement=15&koreSubPlacement=41)\n*   [![Image 109: [무료배송]소안심(원육)1.4kg~2.1kg /업소용/도매/청정뉴질랜드 목초사육 소고기 /이유식./다이어트/스테이크/안심스테이크, 소안심(원육)1.6kg, 1개](https://thumbnail.coupangcdn.com/thumbnails/remote/320x320ex/image/vendor_inventory/c5cb/9740b3d650cba2f015bcb6c3560c2a3f9be0b95fbb881530d9e5dd354882.jpg) [무료배송]소안심(원육)1.4kg~2.1kg /업소용/도매/청정뉴질랜드 목초사육 소고기 /이유식./다이어트/스테이크/안심스테이크, 소안심(원육)1.6kg, 1개 ~~100,000원~~ 12% 88,000원 (100g당 5,500원) 12/2(화) 도착 예정 무료배송 ∙ 오늘출발 4.5 (220) 쿠팡으로부터 광고 서비스를 구매한 제휴업체의 판매상품으로 일반 상품보다 우선 정렬됩니다. AD](https://www.coupang.com/vp/products/7686948263?itemId=20545642577&vendorItemId=82143477485&sourceType=srp_product_ads&clickEventId=45239950-cc7b-11f0-8678-607c3c37d4ab&korePlacement=15&koreSubPlacement=43&clickEventId=45239950-cc7b-11f0-8678-607c3c37d4ab&korePlacement=15&koreSubPlacement=43)\n\n[](https://www.coupang.com/np/search?q=%EC%8A%A4%ED%85%8C%EC%9D%B4%ED%81%AC%EC%9A%A9%20%EC%95%88%EC%8B%AC#)[](https://www.coupang.com/np/search?q=%EC%8A%A4%ED%85%8C%EC%9D%B4%ED%81%AC%EC%9A%A9%20%EC%95%88%EC%8B%AC#)\n\n같이 보면 좋은 상품\n\n광고\n\n![Image 110](http://static.coupangcdn.com/image/cmg/icon/dco/ad_icon.png)\n\n![Image 111](https://thumbnail3.coupangcdn.com/thumbnails/remote/292x292q65ex/image/vendor_inventory/757c/861892af05ed21b10366bd589d678df1888ed616b58ae4ad4cf678bba985.png)\n\n무료배송\n\n도담우 국내산 안심 소고기 안심스테이크 구이용 (와사비솔트 증정), 1개, 200g\n\n24,000원\n\n20,000원\n\n(100g당 10,000원)\n\n12/2(화) 도착 예정\n\n(15)\n\n![Image 112](http://image5.coupangcdn.com/image/badges/cashback/aos/xxxhdpi/list_cash_icon.png)\n\n최대 1,000원 적립\n\n![Image 113](https://thumbnail3.coupangcdn.com/thumbnails/remote/292x292q65ex/image/retail/images/2019/05/14/15/2/d49d9f76-b9ba-494a-8d66-e1fd289a1a2f.jpg)\n\n미트엔조이 미국산 프라임 등심 스테이크 (냉장), 500g, 1개\n\n29,900원\n\n23,740원\n\n(100g당 4,748원)\n\n![Image 114](http://image14.coupangcdn.com/image/coupang/rds/logo/xxxhdpi/logo_fresh_medium.png)\n\n오늘(토) 도착 보장\n\n(9,999+)\n\n![Image 115](http://image1.coupangcdn.com/image/badges/cashback/aos/xxxhdpi/list_cash_icon.png)\n\n최대 1,187원 적립\n\n![Image 116](https://thumbnail6.coupangcdn.com/thumbnails/remote/292x292q65ex/image/vendor_inventory/7990/4898c5bb90dcb5be57f3e8cf4062f7b04a7f6064d84d91ac673472d957a7.jpg)\n\n[마블플러스] 뉴질랜드 안심 스테이크 4cm 목초사육 청정우 다이어트 소고기, 뉴질랜드 안심 스테이크 4cm 160g, 1개\n\n18,900원\n\n17,400원\n\n(100g당 10,875원)\n\n12/2(화) 도착 예정\n\n(140)\n\n![Image 117](http://image4.coupangcdn.com/image/badges/cashback/aos/xxxhdpi/list_cash_icon.png)\n\n최대 870원 적립\n\n![Image 118](https://thumbnail6.coupangcdn.com/thumbnails/remote/292x292q65ex/image/vendor_inventory/cc14/a91004175c35a00bd5b737dbecd3ba99050947748d479ec151b360bfe378.jpg)\n\n무료배송\n\n한우왕 한우 안심 1등급 600g 소고기 (등급선택가능), 1개, 안심 1++등급 600g\n\n75,100원\n\n(100g당 12,517원)\n\n12/2(화) 도착 예정\n\n(179)\n\n![Image 119](http://image7.coupangcdn.com/image/badges/cashback/aos/xxxhdpi/list_cash_icon.png)\n\n최대 3,755원 적립\n\n![Image 120](https://thumbnail13.coupangcdn.com/thumbnails/remote/292x292q65ex/image/vendor_inventory/8015/4e1e063e7a0c6d513e09662f0b93a54b3de284850aa782da78260ae61eea.png)\n\n무료배송\n\n[이겼소] 국내산 냉장 안심 소고기 1kg 덩어리, 1개\n\n62,900원\n\n59,900원\n\n(100g당 5,990원)\n\n12/2(화) 도착 예정\n\n(93)\n\n![Image 121](http://image11.coupangcdn.com/image/badges/cashback/aos/xxxhdpi/list_cash_icon.png)\n\n최대 2,995원 적립\n\n![Image 122](https://thumbnail4.coupangcdn.com/thumbnails/remote/292x292q65ex/image/vendor_inventory/6fdb/9de077edf9f522d13fa3cdc944d280b2f0611e1d0f01c5a962d3ef3a28b4.jpg)\n\n무료배송\n\n[마블플러스] 호주산 안심 원육 냉동 호주청정우 캠핑용 가정용 홈파티용, ★(냉동) 안심 원물 2kg, 1개\n\n63%\n\n300,000원\n\n110,900원\n\n(100g당 5,545원)\n\n12/3(수) 도착 예정\n\n(18)\n\n![Image 123](http://image5.coupangcdn.com/image/badges/cashback/aos/xxxhdpi/list_cash_icon.png)\n\n최대 5,545원 적립\n\n![Image 124](https://thumbnail12.coupangcdn.com/thumbnails/remote/292x292q65ex/image/vendor_inventory/8e55/d60431832548737d68f88587744422c56302e75b651dfc59c2bb47bf3799.jpg)\n\n무료배송\n\n도담우 국내산 채끝 소고기 채끝등심 숙성채끝 채끝스테이크 구이용 (와사비솔트 증정), 2개, 200g\n\n33,000원\n\n27,590원\n\n(100g당 6,898원)\n\n12/2(화) 도착 예정\n\n(12)\n\n![Image 125](http://image8.coupangcdn.com/image/badges/cashback/aos/xxxhdpi/list_cash_icon.png)\n\n최대 1,380원 적립\n\n이전[1](https://www.coupang.com/np/search?q=%EC%8A%A4%ED%85%8C%EC%9D%B4%ED%81%AC%EC%9A%A9+%EC%95%88%EC%8B%AC&page=1)[2](https://www.coupang.com/np/search?q=%EC%8A%A4%ED%85%8C%EC%9D%B4%ED%81%AC%EC%9A%A9+%EC%95%88%EC%8B%AC&page=2)[3](https://www.coupang.com/np/search?q=%EC%8A%A4%ED%85%8C%EC%9D%B4%ED%81%AC%EC%9A%A9+%EC%95%88%EC%8B%AC&page=3)[4](https://www.coupang.com/np/search?q=%EC%8A%A4%ED%85%8C%EC%9D%B4%ED%81%AC%EC%9A%A9+%EC%95%88%EC%8B%AC&page=4)[5](https://www.coupang.com/np/search?q=%EC%8A%A4%ED%85%8C%EC%9D%B4%ED%81%AC%EC%9A%A9+%EC%95%88%EC%8B%AC&page=5)[다음](https://www.coupang.com/np/search?q=%EC%8A%A4%ED%85%8C%EC%9D%B4%ED%81%AC%EC%9A%A9+%EC%95%88%EC%8B%AC&page=2 \"다음\")\n\n이 상품을 검색한 다른 분들이 함께 본 상품\n------------------------\n\n이전 상품 보기\n\n*   [![Image 126: 호주산 안심 메가 스테이크용 (냉장), 1.1kg, 1개](https://thumbnail.coupangcdn.com/thumbnails/remote/292x292ex/image/retail/images/1225246030852388-fa857f59-d2dc-45f9-8317-ba0bd6893912.jpg) 호주산 안심 메가 스테이크용 (냉장), 1.1kg, 1개 **74,610원**(100g당 6,783원) ![Image 127](https://image.coupangcdn.com/image/coupang/rds/logo/xhdpi/logo_fresh_medium.png) 4.5 (377)](https://www.coupang.com/vp/products/7216851629?vendorItemId=85424229472&sourceType=srp_also_viewed_item&rmdId=5e7e71e2c7b643a18fa4c82c50d0949a&eventLabel=recommendation_widget_pc_srp_001&platform=web&rmdABTestInfo=88611_A,14554_C,88610_B,91997_B,91996_B&rmdValue=p5351664081:vt-1.0.0:p7216851629 \"호주산 안심 메가 스테이크용 (냉장), 1.1kg, 1개\")\n*   [![Image 128: 미국산 초이스 안심 스테이크용 (냉장), 1개, 1kg](https://thumbnail.coupangcdn.com/thumbnails/remote/292x292ex/image/rs_quotation_api/clf8znww/f7a836383d44416790ee0b406ad322fa.jpg) 미국산 초이스 안심 스테이크용 (냉장), 1개, 1kg **89,140원**(100g당 8,914원) ![Image 129](https://image.coupangcdn.com/image/coupang/rds/logo/xhdpi/logo_fresh_medium.png) 5 (36)](https://www.coupang.com/vp/products/8769040552?vendorItemId=92496824068&sourceType=srp_also_viewed_item&rmdId=5e7e71e2c7b643a18fa4c82c50d0949a&eventLabel=recommendation_widget_pc_srp_001&platform=web&rmdABTestInfo=88611_A,14554_C,88610_B,91997_B,91996_B&rmdValue=p5351664081:vt-1.0.0:p8769040552 \"미국산 초이스 안심 스테이크용 (냉장), 1개, 1kg\")\n*   [![Image 130: [무료배송]소안심(원육)1.4kg~2.1kg /업소용/도매/청정뉴질랜드 목초사육 소고기 /이유식./다이어트/스테이크/안심스테이크, 소안심(원육)1.4kg, 1개](https://thumbnail.coupangcdn.com/thumbnails/remote/292x292ex/image/vendor_inventory/c5cb/9740b3d650cba2f015bcb6c3560c2a3f9be0b95fbb881530d9e5dd354882.jpg) [무료배송]소안심(원육)1.4kg~2.1kg /업소용/도매/청정뉴질랜드 목초사육 소고기 /이유식./다이어트/스테이크/안심스테이크, 소안심(원육)1.4kg, 1개 **77,000원**(100g당 5,500원) 4.5 (220)](https://www.coupang.com/vp/products/7686948263?vendorItemId=82143477490&sourceType=srp_also_viewed_item&rmdId=5e7e71e2c7b643a18fa4c82c50d0949a&eventLabel=recommendation_widget_pc_srp_001&platform=web&rmdABTestInfo=88611_A,14554_C,88610_B,91997_B,91996_B&rmdValue=p5351664081:vt-1.0.0:p7686948263 \"[무료배송]소안심(원육)1.4kg~2.1kg /업소용/도매/청정뉴질랜드 목초사육 소고기 /이유식./다이어트/스테이크/안심스테이크, 소안심(원육)1.4kg, 1개\")\n*   [![Image 131: 미국산 소살치살 초이스 리테일팩(원육) (냉장), 2.1kg, 1개](https://thumbnail.coupangcdn.com/thumbnails/remote/292x292ex/image/retail/images/2349963462074482-dc448b95-b945-4e74-9db2-b2ca142912e7.jpg) 미국산 소살치살 초이스 리테일팩(원육) (냉장), 2.1kg, 1개 **62,540원**(100g당 2,978원) ![Image 132](https://image.coupangcdn.com/image/coupang/rds/logo/xhdpi/logo_fresh_medium.png) 4.5 (274)](https://www.coupang.com/vp/products/7166996539?vendorItemId=85202118320&sourceType=srp_also_viewed_item&rmdId=5e7e71e2c7b643a18fa4c82c50d0949a&eventLabel=recommendation_widget_pc_srp_001&platform=web&rmdABTestInfo=88611_A,14554_C,88610_B,91997_B,91996_B&rmdValue=p5351664081:vt-1.0.0:p7166996539 \"미국산 소살치살 초이스 리테일팩(원육) (냉장), 2.1kg, 1개\")\n*   [![Image 133: [직배송/택배배송 KG당 단가상품] 코스트코 미국산 소고기 안심 스테이크용, 1개, 1.16kg](https://thumbnail.coupangcdn.com/thumbnails/remote/292x292ex/image/vendor_inventory/0526/8fe8ef94610397dbb47a5767aed170d52f4317279d6ae9db71d8d31363c5.jpg) [직배송/택배배송 KG당 단가상품] 코스트코 미국산 소고기 안심 스테이크용, 1개, 1.16kg **130,800원**(100g당 11,276원) 4 (14)](https://www.coupang.com/vp/products/6031693094?vendorItemId=78280205299&sourceType=srp_also_viewed_item&rmdId=5e7e71e2c7b643a18fa4c82c50d0949a&eventLabel=recommendation_widget_pc_srp_001&platform=web&rmdABTestInfo=88611_A,14554_C,88610_B,91997_B,91996_B&rmdValue=p5351664081:vt-1.0.0:p6031693094 \"[직배송/택배배송 KG당 단가상품] 코스트코 미국산 소고기 안심 스테이크용, 1개, 1.16kg\")\n*   [![Image 134: [마블플러스] 뉴질랜드 안심 원육 자연방목 목초사육 캠핑용 가정용 홈파티용, 1개](https://thumbnail.coupangcdn.com/thumbnails/remote/292x292ex/image/vendor_inventory/a524/28ba277da2d8ee9c4fbf4bff7b141300f6c3bad27fd6b41c379e9fae4277.jpg) [마블플러스] 뉴질랜드 안심 원육 자연방목 목초사육 캠핑용 가정용 홈파티용, 1개 **90,900원**(100g당 6,060원) 4.5 (117)](https://www.coupang.com/vp/products/6134703372?vendorItemId=84280916644&sourceType=srp_also_viewed_item&rmdId=5e7e71e2c7b643a18fa4c82c50d0949a&eventLabel=recommendation_widget_pc_srp_001&platform=web&rmdABTestInfo=88611_A,14554_C,88610_B,91997_B,91996_B&rmdValue=p5351664081:vt-1.0.0:p6134703372 \"[마블플러스] 뉴질랜드 안심 원육 자연방목 목초사육 캠핑용 가정용 홈파티용, 1개\")\n*   [![Image 135: 뉴질랜드산 소고기 냉동 안심 원육 자연방목 목초사육 캠핑 홈파티 중량별 택1, 1개, 1.4kg](https://thumbnail.coupangcdn.com/thumbnails/remote/292x292ex/image/vendor_inventory/f1fd/650bf0f8193a46bf46471c6fd637d8c838098b04053d3634b9a5c6138c8d.jpg) 뉴질랜드산 소고기 냉동 안심 원육 자연방목 목초사육 캠핑 홈파티 중량별 택1, 1개, 1.4kg **99,900원**(100g당 7,136원) 5 (3)](https://www.coupang.com/vp/products/8934163192?vendorItemId=94011673898&sourceType=srp_also_viewed_item&rmdId=5e7e71e2c7b643a18fa4c82c50d0949a&eventLabel=recommendation_widget_pc_srp_001&platform=web&rmdABTestInfo=88611_A,14554_C,88610_B,91997_B,91996_B&rmdValue=p5351664081:vt-1.0.0:p8934163192 \"뉴질랜드산 소고기 냉동 안심 원육 자연방목 목초사육 캠핑 홈파티 중량별 택1, 1개, 1.4kg\")\n*   [![Image 136: 미트홀 냉동 안심 원육 2kg S등급, 1개](https://thumbnail.coupangcdn.com/thumbnails/remote/292x292ex/image/vendor_inventory/85c4/1d3691c8e58660d3572a2ca516171a3f8db9d50275ae1134bf14b9d77dd4.jpg) 미트홀 냉동 안심 원육 2kg S등급, 1개 **97,000원**(100g당 4,850원) 4 (83)](https://www.coupang.com/vp/products/7743784621?vendorItemId=4579172662&sourceType=srp_also_viewed_item&rmdId=5e7e71e2c7b643a18fa4c82c50d0949a&eventLabel=recommendation_widget_pc_srp_001&platform=web&rmdABTestInfo=88611_A,14554_C,88610_B,91997_B,91996_B&rmdValue=p5351664081:vt-1.0.0:p7743784621 \"미트홀 냉동 안심 원육 2kg S등급, 1개\")\n*   [![Image 137: [예담우] 소고기 국내산 냉장 안심 스테이크 로스 구이용 캠핑, 4개, 250g](https://thumbnail.coupangcdn.com/thumbnails/remote/292x292ex/image/vendor_inventory/fc90/27d26dbd2a1c932fc7ddd4aedeadb4deb6d551144cc38b4a0a69a176fb29.jpg) [예담우] 소고기 국내산 냉장 안심 스테이크 로스 구이용 캠핑, 4개, 250g **34,110원**(100g당 3,411원) 4 (183)](https://www.coupang.com/vp/products/8703375562?vendorItemId=92270510007&sourceType=srp_also_viewed_item&rmdId=5e7e71e2c7b643a18fa4c82c50d0949a&eventLabel=recommendation_widget_pc_srp_001&platform=web&rmdABTestInfo=88611_A,14554_C,88610_B,91997_B,91996_B&rmdValue=p5351664081:vt-1.0.0:p8703375562 \"[예담우] 소고기 국내산 냉장 안심 스테이크 로스 구이용 캠핑, 4개, 250g\")\n*   [![Image 138: 호주산 안심, 덩어리, 1kg, 1개](https://thumbnail.coupangcdn.com/thumbnails/remote/292x292ex/image/vendor_inventory/2b3c/76d55012d63a79d44289d45736bd1d327caf58036c984971650c6a4e9404.jpg) 호주산 안심, 덩어리, 1kg, 1개 **90,000원**(100g당 9,000원) 4 (39)](https://www.coupang.com/vp/products/4839184188?vendorItemId=73579645661&sourceType=srp_also_viewed_item&rmdId=5e7e71e2c7b643a18fa4c82c50d0949a&eventLabel=recommendation_widget_pc_srp_001&platform=web&rmdABTestInfo=88611_A,14554_C,88610_B,91997_B,91996_B&rmdValue=p5351664081:vt-1.0.0:p4839184188 \"호주산 안심, 덩어리, 1kg, 1개\")\n*   [![Image 139: 청년고기 소고기 안심 스테이크 큐브 찹스테이크 150g 200g 소포장 호주산 청정우 곡물사육, 호주산 안심 스테이크 150g, 6개](https://thumbnail.coupangcdn.com/thumbnails/remote/292x292ex/image/vendor_inventory/image_audit/stage/manual/4d7e6ae3ff6eab0e51bb12fe3315cb140d96b517e5ed7e3ca7746f4b2b6f_1752632210618.jpg) 청년고기 소고기 안심 스테이크 큐브 찹스테이크 150g 200g 소포장 호주산 청정우 곡물사육, 호주산 안심 스테이크 150g, 6개 **58,990원**(100g당 6,554원) 4.5 (552)](https://www.coupang.com/vp/products/6771752767?vendorItemId=90546762043&sourceType=srp_also_viewed_item&rmdId=5e7e71e2c7b643a18fa4c82c50d0949a&eventLabel=recommendation_widget_pc_srp_001&platform=web&rmdABTestInfo=88611_A,14554_C,88610_B,91997_B,91996_B&rmdValue=p5351664081:vt-1.0.0:p6771752767 \"청년고기 소고기 안심 스테이크 큐브 찹스테이크 150g 200g 소포장 호주산 청정우 곡물사육, 호주산 안심 스테이크 150g, 6개\")\n*   [![Image 140: [이겼소] 국내산 냉장 안심 소고기 1kg 덩어리, 1개](https://thumbnail.coupangcdn.com/thumbnails/remote/292x292ex/image/vendor_inventory/8015/4e1e063e7a0c6d513e09662f0b93a54b3de284850aa782da78260ae61eea.png) [이겼소] 국내산 냉장 안심 소고기 1kg 덩어리, 1개 **59,900원**(100g당 5,990원) 4.5 (93)](https://www.coupang.com/vp/products/7658301985?vendorItemId=82461924091&sourceType=srp_also_viewed_item&rmdId=5e7e71e2c7b643a18fa4c82c50d0949a&eventLabel=recommendation_widget_pc_srp_001&platform=web&rmdABTestInfo=88611_A,14554_C,88610_B,91997_B,91996_B&rmdValue=p5351664081:vt-1.0.0:p7658301985 \"[이겼소] 국내산 냉장 안심 소고기 1kg 덩어리, 1개\")\n*   [![Image 141: [마블플러스] 호주산 안심 원육 냉장 이유식 비프웰링턴 캠핑 소고기 가정 홈파티용 스테이크, 2kg, 1개](https://thumbnail.coupangcdn.com/thumbnails/remote/292x292ex/image/vendor_inventory/11bd/76d445f5c79a25ef8decea81f33a4d75fa472cfd042c97c1aab034658cff.jpg) [마블플러스] 호주산 안심 원육 냉장 이유식 비프웰링턴 캠핑 소고기 가정 홈파티용 스테이크, 2kg, 1개 **173,100원**(100g당 8,655원) 4.5 (16)](https://www.coupang.com/vp/products/9060942722?vendorItemId=84934772498&sourceType=srp_also_viewed_item&rmdId=5e7e71e2c7b643a18fa4c82c50d0949a&eventLabel=recommendation_widget_pc_srp_001&platform=web&rmdABTestInfo=88611_A,14554_C,88610_B,91997_B,91996_B&rmdValue=p5351664081:vt-1.0.0:p9060942722 \"[마블플러스] 호주산 안심 원육 냉장 이유식 비프웰링턴 캠핑 소고기 가정 홈파티용 스테이크, 2kg, 1개\")\n*   [![Image 142: 호주산 안심 스테이크 1kg (200g X 5개), 5개](https://thumbnail.coupangcdn.com/thumbnails/remote/292x292ex/image/vendor_inventory/1348/e5c27b3f0a536aa6537ed04375283ff9c091038dc5c01f69ff243282421e.jpg) 호주산 안심 스테이크 1kg (200g X 5개), 5개 **70,590원**(100g당 7,059원) 4 (245)](https://www.coupang.com/vp/products/7737416719?vendorItemId=93490938322&sourceType=srp_also_viewed_item&rmdId=5e7e71e2c7b643a18fa4c82c50d0949a&eventLabel=recommendation_widget_pc_srp_001&platform=web&rmdABTestInfo=88611_A,14554_C,88610_B,91997_B,91996_B&rmdValue=p5351664081:vt-1.0.0:p7737416719 \"호주산 안심 스테이크 1kg (200g X 5개), 5개\")\n*   [![Image 143: 100%호주산 유기농 인증 목초육 소안심, 1개, 500g](https://thumbnail.coupangcdn.com/thumbnails/remote/292x292ex/image/vendor_inventory/image_audit/stage/manual/5b5f34c3-41df-4fca-bfbd-90cba8e1618b_1751853756400.jpeg) 100%호주산 유기농 인증 목초육 소안심, 1개, 500g **68,000원**(100g당 13,600원) 5 (2)](https://www.coupang.com/vp/products/8844582881?vendorItemId=92767797559&sourceType=srp_also_viewed_item&rmdId=5e7e71e2c7b643a18fa4c82c50d0949a&eventLabel=recommendation_widget_pc_srp_001&platform=web&rmdABTestInfo=88611_A,14554_C,88610_B,91997_B,91996_B&rmdValue=p5351664081:vt-1.0.0:p8844582881 \"100%호주산 유기농 인증 목초육 소안심, 1개, 500g\")\n\n다음 상품 보기\n\n[회사소개](https://news.coupang.com/)[Investor Relations](https://ir.aboutcoupang.com/overview/default.aspx)[인재채용](https://rocketyourcareer.kr.coupang.com/)[입점/제휴문의](https://marketplace.coupangcorp.com/s/?utm_source=button_pc&utm_medium=non_paid&utm_campaign=onsite_ca&utm_id=coupang_app?inflow=WEB_FOOTER_B)[공지사항](https://mc.coupang.com/ssr/desktop/contact/notice)[고객의 소리](https://mc.coupang.com/ssr/desktop/contact/voc)[이용약관](https://www.coupang.com/np/policies/terms)[**개인정보 처리방침**](https://privacy.coupang.com/ko/center/coupang)[정보보호/개인정보보호 인증](https://privacy.coupang.com/ko/security/status)[쿠팡페이 이용약관](https://rocketpay.coupang.com/rocketpay/operationTerms/coupangPcFooter)[신뢰관리센터](https://www.coupang.com/np/safety)[제휴마케팅](https://partners.coupang.com/)[광고안내](https://ads.coupang.com/)\n\nGlobal Site\n\n*   [Coupang Taiwan 酷澎台灣](https://www.tw.coupang.com/)\n\n[![Image 144](https://front.coupangcdn.com/front-web-next/_next/static/media/logo.f2c4ccb2.png)](https://www.coupang.com/ \"COUPANG\")\n\n상호명 및 호스팅 서비스 제공 : 쿠팡(주) \n\n 대표이사 : 박대준 \n\n 서울시 송파구 송파대로 570 \n\n 사업자 등록번호 : 120-88-00767 \n\n 통신판매업신고 : 2017-서울송파-0680 \n\n[사업자정보 확인 >](http://www.ftc.go.kr/info/bizinfo/communicationViewPopup.jsp?wrkr_no=1208800767)\n\n[**365고객센터** | 전자금융거래분쟁처리담당 _1577-7011 (유료)_ 서울시 송파구 송파대로 570 email : help@coupang.com](https://mc.coupang.com/ssr/desktop/contact/inquiry)\n\n**채무지급보증 안내**\n\n 당사는 고객님이 현금 결제한 금액에 대해 \n\n 채무지급보증 계약을 체결하여 \n\n 안전거래를 보장하고 있습니다. \n\n[서비스 가입사실 확인 >](https://www.coupang.com/np/etc/popWooriService)\n\n![Image 145](https://front.coupangcdn.com/front-web-next/_next/static/media/5.73affd35.png)\n\n![Image 146](https://front.coupangcdn.com/front-web-next/_next/static/media/6.901d77a5.png)\n\n사이버몰 내 판매되는 상품 중에는 쿠팡에 등록한 개별 판매자가 판매하는 마켓플레이스(오픈마켓) 상품이 포함되어 있습니다. \n\n 마켓플레이스(오픈마켓) 상품의 경우 쿠팡은 통신판매중개자이며 통신판매의 당사자가 아닙니다. \n\n 쿠팡은 마켓플레이스(오픈마켓) 상품, 거래정보 및 거래 등에 대하여 책임을 지지 않습니다. \n\n 쿠팡은 소비자 보호와 안전거래를 위해 신뢰관리센터(CM112@coupang.com)를 운영하고 있으며, 관련 분쟁이 발생할 경우 별도의 분쟁 처리절차에 의거 분쟁이 처리됩니다. \n\n Copyright © Coupang Corp. 2010-2025 All Rights Reserved.\n\n*   [![Image 147](https://front.coupangcdn.com/front-web-next/_next/static/media/f.34bde318.png)](https://www.facebook.com/Coupang.korea)\n*   [![Image 148](https://front.coupangcdn.com/front-web-next/_next/static/media/b.637cda1c.png)](https://news.coupang.com/)\n*   [![Image 149](https://front.coupangcdn.com/front-web-next/_next/static/media/s.a7aca4ea.png)](https://www.instagram.com/coupang)"
      },
      {
        "platform": "coupang",
        "title": "쿠팡이 추천하는 국내산육우안심스테이크 판매 상품 ...",
        "url": "https://www.coupang.com/np/search?q=%EA%B5%AD%EB%82%B4%EC%82%B0%EC%9C%A1%EC%9A%B0%EC%95%88%EC%8B%AC%EC%8A%A4%ED%85%8C%EC%9D%B4%ED%81%AC%20%ED%8C%90%EB%A7%A4%20%EC%83%81%ED%92%88",
        "snippet": "Image 195: 미쓰하누 한우안심 1++등급 한우 200g 냉장 구이용 스테이크용, 1++한우 안심, 2개특가진행중 미쓰하누 한우안심 1++등급 한우 200g 냉장 구이용 스테이크용, 1++한우 안심, 2개 와우할인가 23%82,000원 62,370원 (100g당 15,593원) 12/2(화) 도착 예정 무료배송 90%(138) 84% 남음\n   Image 196: 소고기 숙성 한우 꽃등심 구이 육즙가득 마블링 스테이크 1kg 실속포장, 1개, 한우 꽃등심 1kg특가진행중 소고기 숙성 한우 꽃등심 구이 육즙가득 마블링 스테이크 1kg 실속포장, 1개, 한우 꽃등심 1kg 와우할인가 52%149,800원 71,880원 (100g당 7,188원) 12/2(화) 도착 예정 무료배송 100%(8) 99% 남음 [...] [![Image 185: [진천축협]보드런 숙성 한우(암소) 안심 250g 1+등급, 선물포장백 추가, 1개]( [진천축협]보드런 숙성 한우(암소) 안심 250g 1+등급, 선물포장백 추가, 1개 와우할인가 57%96,000원 40,480원 (100g당 16,192원) 12/2(화) 도착 예정 무료배송 99% 남음](\n   Image 186: 베스트밀 호주산 소고기 토시살 구이용 900g (300g x 3팩) 개별포장 스테이크 로스구이, 300g, 3개특가진행중 베스트밀 호주산 소고기 토시살 구이용 900g (300g x 3팩) 개별포장 스테이크 로스구이, 300g, 3개 와우할인가 50%39,000원 19,260원 (100g당 2,118원) 12/2(화) 도착 예정 무료배송 80%(126) 99% 남음 [...] Image 189: 한우 대패 등심 200g 미친 마블링 국내산 육즙가득 대패등심 소고기 스테이크 구이 200g, (한우 대패 등심)200g, 1개특가진행중 한우 대패 등심 200g 미친 마블링 국내산 육즙가득 대패등심 소고기 스테이크 구이 200g, (한우 대패 등심)200g, 1개 와우할인가 41%25,400원 14,760원 (100g당 7,380원) 12/2(화) 도착 예정 무료배송 60%(2) 99% 남음\n   Image 190: 농협안심한우) 한우암소 1등급이상 양지 국거리 장조림용 (냉장), 300g, 1개특가진행중 농협안심한우) 한우암소 1등급이상 양지 국거리 장조림용 (냉장), 300g, 1개 와우할인가 28%33,000원 23,510원 (100g당 7,837원) 12/2(화) 도착 예정 무료배송 100%(27) 99% 남음",
        "score": 0.46614134,
        "timestamp": "2025-11-29T02:23:22.759316",
        "raw_content": "쿠팡이 추천하는 국내산육우안심스테이크 판매 상품 관련 혜택과 특가\n\n===============\n\n[![Image 1](https://static.coupangcdn.com/ea/cmg_paperboy/image/1646271114206/C0-Left_basic.jpg)](https://www.coupang.com/np/campaigns/82?adType=DA&eventId=kRk2FXtvbXuZNvcZ)[![Image 2](https://static.coupangcdn.com/ya/cmg_paperboy/image/1764139787980/C0.jpg)](https://pages.coupang.com/p/157429?adType=DA&eventId=VYkF5Z0fMW3jai1e)\n\n[X](https://www.coupang.com/np/search?q=%EA%B5%AD%EB%82%B4%EC%82%B0%EC%9C%A1%EC%9A%B0%EC%95%88%EC%8B%AC%EC%8A%A4%ED%85%8C%EC%9D%B4%ED%81%AC%20%ED%8C%90%EB%A7%A4%20%EC%83%81%ED%92%88)\n\n*   [판매자 가입](https://wing.coupang.com/tenants/vendor-signup/signup?utm_source=button_pc_coupang_app_category_3&utm_medium=non_paid&utm_id=onsite_ca&utm_content=20240328)\n*   [고객센터](https://mc.coupang.com/ssr/desktop/contact/faq)\n[자주묻는 질문](https://mc.coupang.com/ssr/desktop/contact/faq)[1:1 채팅문의](https://mc.coupang.com/ssr/desktop/contact/inquiry)[고객의 소리](https://mc.coupang.com/ssr/desktop/contact/voc)[취소 / 반품 안내](https://www.coupang.com/returnPolicy.pang)\n\n*   [회원가입](https://login.coupang.com/login/memberJoinFrm.pang \"회원가입\")\n*   [로그인](https://login.coupang.com/login/login.pang?rtnUrl=https%3A%2F%2Fwww.coupang.com%2Fnp%2Fpost%2Flogin%3Fr%3Dhttp%253A%252F%252Fwww.coupang.com%252Fnp%252Fsearch%253Fq%253D%2525EA%2525B5%2525AD%2525EB%252582%2525B4%2525EC%252582%2525B0%2525EC%25259C%2525A1%2525EC%25259A%2525B0%2525EC%252595%252588%2525EC%25258B%2525AC%2525EC%25258A%2525A4%2525ED%252585%25258C%2525EC%25259D%2525B4%2525ED%252581%2525AC%252B%2525ED%25258C%252590%2525EB%2525A7%2525A4%252B%2525EC%252583%252581%2525ED%252592%252588 \"로그인\")\n*   [즐겨찾기](https://www.coupang.com/np/search?q=%EA%B5%AD%EB%82%B4%EC%82%B0%EC%9C%A1%EC%9A%B0%EC%95%88%EC%8B%AC%EC%8A%A4%ED%85%8C%EC%9D%B4%ED%81%AC%20%ED%8C%90%EB%A7%A4%20%EC%83%81%ED%92%88)\n*   [입점신청](https://www.coupang.com/np/search?q=%EA%B5%AD%EB%82%B4%EC%82%B0%EC%9C%A1%EC%9A%B0%EC%95%88%EC%8B%AC%EC%8A%A4%ED%85%8C%EC%9D%B4%ED%81%AC%20%ED%8C%90%EB%A7%A4%20%EC%83%81%ED%92%88)\n[오픈마켓](https://marketplace.coupangcorp.com/s/?utm_source=button_pc&utm_medium=non_paid&utm_campaign=onsite_ca&utm_id=coupang_app)[여행·티켓](https://with.coupang.com/contract/initialize)[로켓배송](https://supplier.coupang.com/welcome/join)[제휴마케팅](https://partners.coupang.com/)[로켓그로스](https://sell.coupang.com/?utm_source=web_button_pc_rg&utm_medium=referral&utm_campaign=onsite_lead&utm_id=coupang_web?inflow=WEB_HEADER_B)\n\n.\n\n카테고리\n\n쇼핑\n\n티켓\n\n테마관\n\n*   [입점/판매 신청](https://wing.coupang.com/tenants/vendor-signup/signup?utm_source=button_pc_coupang_app_category_3&utm_medium=non_paid&utm_id=onsite_ca&utm_content=20240328)\n\n[![Image 3: Coupang](https://image7.coupangcdn.com/image/coupang/common/logo_coupang_w350.png)](https://www.coupang.com/)\n\n[전체](https://www.coupang.com/np/search?q=%EA%B5%AD%EB%82%B4%EC%82%B0%EC%9C%A1%EC%9A%B0%EC%95%88%EC%8B%AC%EC%8A%A4%ED%85%8C%EC%9D%B4%ED%81%AC%20%ED%8C%90%EB%A7%A4%20%EC%83%81%ED%92%88)\n\n전체삭제 최근검색어끄기\n\n[](https://www.coupang.com/np/search?q=%EA%B5%AD%EB%82%B4%EC%82%B0%EC%9C%A1%EC%9A%B0%EC%95%88%EC%8B%AC%EC%8A%A4%ED%85%8C%EC%9D%B4%ED%81%AC%20%ED%8C%90%EB%A7%A4%20%EC%83%81%ED%92%88)![Image 4](https://front.coupangcdn.com/front-web-next/_next/static/media/search.85cd3dbf.png)\n*   [![Image 5](https://front.coupangcdn.com/front-web-next/_next/static/media/person.07e45e52.png)마이쿠팡](https://mc.coupang.com/ssr/desktop/order/list)\n[주문목록](https://mc.coupang.com/ssr/desktop/order/list)[취소/반품](https://mc.coupang.com/ssr/desktop/cancel-return-exchange/list)[찜 리스트](https://wish-web.coupang.com/wishInitView.pang)\n\n*   [![Image 6](https://front.coupangcdn.com/front-web-next/_next/static/media/cart.ccef8f9e.png)_0_ 장바구니](https://cart.coupang.com/cartView.pang)\n\n  \n\n    *   장바구니에 담긴 상품이 없습니다.\n\n[장바구니 전체보기](https://cart.coupang.com/cartView.pang)\n\n[](https://www.coupang.com/np/search?q=%EA%B5%AD%EB%82%B4%EC%82%B0%EC%9C%A1%EC%9A%B0%EC%95%88%EC%8B%AC%EC%8A%A4%ED%85%8C%EC%9D%B4%ED%81%AC%20%ED%8C%90%EB%A7%A4%20%EC%83%81%ED%92%88)\n\n*   [![Image 7: 쿠팡플레이](https://image.coupangcdn.com/image/coupang/home/icons/web/kr/coupang-play.png)쿠팡플레이](https://www.coupangplay.com/catalog)\n*   [![Image 8: 로켓배송](https://image.coupangcdn.com/image/coupang/home/icons/web/kr/rocket-delivery.png)로켓배송](https://www.coupang.com/np/campaigns/82)\n*   [![Image 9: 로켓프레시](https://image.coupangcdn.com/image/coupang/home/icons/web/kr/rocket-fresh.png)로켓프레시](https://www.coupang.com/np/categories/393760)\n*   [![Image 10: 크리스마스](https://image.coupangcdn.com/image/coupang/home/icons/Christmas/Christmas_PC_2025.png)크리스마스](https://pages.coupang.com/p/158677)\n*   [![Image 11: 다시 구매](https://image.coupangcdn.com/image/coupang/common/fbi_icon_3x.png)다시 구매](https://www.coupang.com/np/fbi?sourceType=home_section_fbi)\n*   [![Image 12: 쿠팡비즈](https://image.coupangcdn.com/image/coupang/home/icons/web/kr/biz.png)쿠팡비즈](https://login.coupang.com/corporation/member/landing-page)\n*   [![Image 13: 로켓직구](https://image.coupangcdn.com/image/coupang/home/icons/web/kr/oversea-delivery.png)로켓직구](https://www.coupang.com/np/coupangglobal)\n*   [![Image 14: 골드박스](https://image.coupangcdn.com/image/coupang/home/icons/web/kr/gold-box.png)골드박스](https://pages.coupang.com/p/121237?sourceType=gm_crm_goldbox&subSourceType=gm_crm_gwsrtcut)\n*   [![Image 15: 이달의신상](https://image.coupangcdn.com/image/coupang/home/icons/web/kr/new-item-of-month.png)이달의신상](https://pages.coupang.com/p/136938)\n*   [![Image 16: 판매자특가](https://image.coupangcdn.com/image/coupang/home/icons/web/kr/omp.png)판매자특가](https://www.coupang.com/np/omp)\n*   [![Image 17: 와우회원할인](https://image.coupangcdn.com/image/coupang/home/icons/web/kr/wow.png)와우회원할인](https://www.coupang.com/np/campaigns/83)\n*   [![Image 18: 이벤트/쿠폰](https://image.coupangcdn.com/image/coupang/home/icons/web/kr/benefit.png)이벤트/쿠폰](https://www.coupang.com/np/coupangbenefit)\n*   [![Image 19: 반품마켓](https://image.coupangcdn.com/image/coupang/home/icons/web/kr/returned-market.png)반품마켓](https://pages.coupang.com/p/54908)\n*   [![Image 20: 착한상점](https://image.coupangcdn.com/image/coupang/home/icons/web/kr/sustainable-market.png)착한상점](https://pages.coupang.com/p/63240)\n*   [![Image 21: 기획전](https://image.coupangcdn.com/image/coupang/home/icons/web/kr/event.png)기획전](https://pages.coupang.com/p/bep?sourceType=gm_crm_oms&subSourceType=gm_crm_gwsrtcut)\n*   [![Image 22: 쿠팡트래블](https://image.coupangcdn.com/image/coupang/home/icons/web/kr/travel.png)쿠팡트래블](https://trip.coupang.com/?channel=gnb)\n*   [![Image 23: 입점신청](https://image.coupangcdn.com/image/coupang/home/icons/web/kr/sell-on-coupang.png)입점신청](https://wing.coupang.com/tenants/vendor-signup/signup?utm_source=button_pc_coupang_shortcut_1&utm_medium=non_paid&utm_id=onsite_ca&utm_content=202411)\n\n[](https://www.coupang.com/np/search?q=%EA%B5%AD%EB%82%B4%EC%82%B0%EC%9C%A1%EC%9A%B0%EC%95%88%EC%8B%AC%EC%8A%A4%ED%85%8C%EC%9D%B4%ED%81%AC%20%ED%8C%90%EB%A7%A4%20%EC%83%81%ED%92%88)\n\n[전체](https://www.coupang.com/np/search?q=%EA%B5%AD%EB%82%B4%EC%82%B0%EC%9C%A1%EC%9A%B0%EC%95%88%EC%8B%AC%EC%8A%A4%ED%85%8C%EC%9D%B4%ED%81%AC%20%ED%8C%90%EB%A7%A4%20%EC%83%81%ED%92%88#)\n*   [전체](https://www.coupang.com/np/search?q=%EA%B5%AD%EB%82%B4%EC%82%B0%EC%9C%A1%EC%9A%B0%EC%95%88%EC%8B%AC%EC%8A%A4%ED%85%8C%EC%9D%B4%ED%81%AC%20%ED%8C%90%EB%A7%A4%20%EC%83%81%ED%92%88#)\n\n전체삭제 최근검색어끄기\n\n[](https://www.coupang.com/np/search?q=%EA%B5%AD%EB%82%B4%EC%82%B0%EC%9C%A1%EC%9A%B0%EC%95%88%EC%8B%AC%EC%8A%A4%ED%85%8C%EC%9D%B4%ED%81%AC%20%ED%8C%90%EB%A7%A4%20%EC%83%81%ED%92%88)![Image 24](https://front.coupangcdn.com/front-web-next/_next/static/media/search.85cd3dbf.png)\n\n[](https://www.coupang.com/np/search?q=%EA%B5%AD%EB%82%B4%EC%82%B0%EC%9C%A1%EC%9A%B0%EC%95%88%EC%8B%AC%EC%8A%A4%ED%85%8C%EC%9D%B4%ED%81%AC%20%ED%8C%90%EB%A7%A4%20%EC%83%81%ED%92%88)\n\n*   [![Image 25: 쿠팡플레이](https://image.coupangcdn.com/image/coupang/home/icons/web/kr/coupang-play.png)쿠팡플레이](https://www.coupangplay.com/catalog)\n*   [![Image 26: 로켓배송](https://image.coupangcdn.com/image/coupang/home/icons/web/kr/rocket-delivery.png)로켓배송](https://www.coupang.com/np/campaigns/82)\n*   [![Image 27: 로켓프레시](https://image.coupangcdn.com/image/coupang/home/icons/web/kr/rocket-fresh.png)로켓프레시](https://www.coupang.com/np/categories/393760)\n*   [![Image 28: 크리스마스](https://image.coupangcdn.com/image/coupang/home/icons/Christmas/Christmas_PC_2025.png)크리스마스](https://pages.coupang.com/p/158677)\n*   [![Image 29: 다시 구매](https://image.coupangcdn.com/image/coupang/common/fbi_icon_3x.png)다시 구매](https://www.coupang.com/np/fbi?sourceType=home_section_fbi)\n*   [![Image 30: 쿠팡비즈](https://image.coupangcdn.com/image/coupang/home/icons/web/kr/biz.png)쿠팡비즈](https://login.coupang.com/corporation/member/landing-page)\n*   [![Image 31: 로켓직구](https://image.coupangcdn.com/image/coupang/home/icons/web/kr/oversea-delivery.png)로켓직구](https://www.coupang.com/np/coupangglobal)\n*   [![Image 32: 골드박스](https://image.coupangcdn.com/image/coupang/home/icons/web/kr/gold-box.png)골드박스](https://pages.coupang.com/p/121237?sourceType=gm_crm_goldbox&subSourceType=gm_crm_gwsrtcut)\n*   [![Image 33: 이달의신상](https://image.coupangcdn.com/image/coupang/home/icons/web/kr/new-item-of-month.png)이달의신상](https://pages.coupang.com/p/136938)\n*   [![Image 34: 판매자특가](https://image.coupangcdn.com/image/coupang/home/icons/web/kr/omp.png)판매자특가](https://www.coupang.com/np/omp)\n*   [![Image 35: 와우회원할인](https://image.coupangcdn.com/image/coupang/home/icons/web/kr/wow.png)와우회원할인](https://www.coupang.com/np/campaigns/83)\n*   [![Image 36: 이벤트/쿠폰](https://image.coupangcdn.com/image/coupang/home/icons/web/kr/benefit.png)이벤트/쿠폰](https://www.coupang.com/np/coupangbenefit)\n*   [![Image 37: 반품마켓](https://image.coupangcdn.com/image/coupang/home/icons/web/kr/returned-market.png)반품마켓](https://pages.coupang.com/p/54908)\n*   [![Image 38: 착한상점](https://image.coupangcdn.com/image/coupang/home/icons/web/kr/sustainable-market.png)착한상점](https://pages.coupang.com/p/63240)\n*   [![Image 39: 기획전](https://image.coupangcdn.com/image/coupang/home/icons/web/kr/event.png)기획전](https://pages.coupang.com/p/bep?sourceType=gm_crm_oms&subSourceType=gm_crm_gwsrtcut)\n*   [![Image 40: 쿠팡트래블](https://image.coupangcdn.com/image/coupang/home/icons/web/kr/travel.png)쿠팡트래블](https://trip.coupang.com/?channel=gnb)\n*   [![Image 41: 입점신청](https://image.coupangcdn.com/image/coupang/home/icons/web/kr/sell-on-coupang.png)입점신청](https://wing.coupang.com/tenants/vendor-signup/signup?utm_source=button_pc_coupang_shortcut_1&utm_medium=non_paid&utm_id=onsite_ca&utm_content=202411)\n\n[](https://www.coupang.com/np/search?q=%EA%B5%AD%EB%82%B4%EC%82%B0%EC%9C%A1%EC%9A%B0%EC%95%88%EC%8B%AC%EC%8A%A4%ED%85%8C%EC%9D%B4%ED%81%AC%20%ED%8C%90%EB%A7%A4%20%EC%83%81%ED%92%88)\n\n[장바구니 _0_](https://cart.coupang.com/cartView.pang)\n\n최근본상품 _0_\n\n*   최근본 상품이\n\n없습니다.\n\n/[prev](https://www.coupang.com/np/%EC%9D%B4%EC%A0%84%20%ED%8E%98%EC%9D%B4%EC%A7%80%20%EB%B3%B4%EA%B8%B0)[next](https://www.coupang.com/np/%EB%8B%A4%EC%9D%8C%20%ED%8E%98%EC%9D%B4%EC%A7%80%20%EB%B3%B4%EA%B8%B0)\n\n[![Image 42: Coupang](https://image7.coupangcdn.com/image/coupang/common/logo_coupang_w350.png)](https://www.coupang.com/)\n\n[전체](https://www.coupang.com/np/search?q=%EA%B5%AD%EB%82%B4%EC%82%B0%EC%9C%A1%EC%9A%B0%EC%95%88%EC%8B%AC%EC%8A%A4%ED%85%8C%EC%9D%B4%ED%81%AC%20%ED%8C%90%EB%A7%A4%20%EC%83%81%ED%92%88)\n\n전체삭제 최근검색어끄기\n\n[](https://www.coupang.com/np/search?q=%EA%B5%AD%EB%82%B4%EC%82%B0%EC%9C%A1%EC%9A%B0%EC%95%88%EC%8B%AC%EC%8A%A4%ED%85%8C%EC%9D%B4%ED%81%AC%20%ED%8C%90%EB%A7%A4%20%EC%83%81%ED%92%88)![Image 43](https://front.coupangcdn.com/front-web-next/_next/static/media/search.85cd3dbf.png)\n\n*   [전체](https://www.coupang.com/np/search?q=%EA%B5%AD%EB%82%B4%EC%82%B0%EC%9C%A1%EC%9A%B0%EC%95%88%EC%8B%AC%EC%8A%A4%ED%85%8C%EC%9D%B4%ED%81%AC+%ED%8C%90%EB%A7%A4+%EC%83%81%ED%92%88)\n\n**'국내산육우안심스테이크 판매 상품'**\n\n#### 필터\n\n*   ![Image 44: rocket_luxury,rocket,coupang_global](https://image.coupangcdn.com/image/badges/falcon/v1/web/rocket-all@2x.png) \n\n    *   ![Image 45: rocket_luxury](https://image.coupangcdn.com/image/coupang/rds/logo/iphone_2x/rds_logo_rlux_light_101719300269126@2x.png)만 보기 \n    *   ![Image 46: rocket](https://image.coupangcdn.com/image/badges/falcon/v1/web/txt_rocket@2x.png)만 보기 \n    *   ![Image 47: coupang_global](https://image.coupangcdn.com/image/badges/falcon/v1/web/txt_jikgu@2x.png)만 보기 \n\n*   ![Image 48: top_brand](https://image.coupangcdn.com/image/badges/top_brand/c-avenue.svg) \n*   무료배송 \n\n##### 카테고리\n\n*   [전체](https://www.coupang.com/) \n*   [식품](https://www.coupang.com/np/categories/194276) \n*   [헬스/건강식품](https://www.coupang.com/np/categories/305798) \n*   [쿠팡수입](https://www.coupang.com/np/categories/510691) \n\n##### 브랜드\n\n*   목우촌 \n*   농협안심한우 \n*   gomgom \n\n##### 총 중량\n\n*   300g 이하 \n*   300~500g \n*   500~700g \n*   700~1kg \n*   1~3kg \n*   3kg 이상 \n\n##### 낱개상품 여부\n\n*   낱개상품 \n\n##### 부위\n\n*   채끝 \n*   등심 \n\n##### 보관방식\n\n*   냉장보관 \n*   냉동보관 \n\n##### 한우 등급\n\n*   1++등급 \n*   1+등급 \n*   1등급 \n*   2등급 \n\n##### 용도\n\n*   구이 \n*   찌개 \n*   불고기 \n*   다짐육 \n*   수육/보쌈 \n*   찜 \n*   돈까스 \n*   장조림 \n*   카레 \n\n+ 더보기\n\n##### 가공방식\n\n*   일반 \n*   시즈닝 \n*   양념 \n\n##### 재료\n\n*   고기/해물 \n\n##### 간편식\n\n*   밀키트 \n\n##### 양념\n\n*   양념없음 \n\n##### 종류\n\n*   소 \n\n##### 별점\n\n*   별점 전체 \n*   4점 이상 \n*   3점 이상 \n*   2점 이상 \n*   1점 이상 \n\n##### 가격\n\n*   가격 전체 \n*   2만원 이하 \n*   2만원~4만원 \n*   4만원~6만원 \n*   6만원~8만원 \n*   8만원 이상 \n\n~원 검색 \n\n현재 검색 결과에 만족하셨나요?\n\n어떤 문제가 있었나요?\n\n*   관련 없는 상품이 있어요\n*   추천해준 검색어가 도움이 안 돼요\n*   필터가 도움이 안 돼요\n*   이미지나 정보가 부정확해요\n*   기타 원하는 옵션이 없어요\n\n**'국내산육우안심스테이크 판매 상품'**에 대한 검색결과\n================================\n\n배송비 포함 \n\n*   쿠팡 랭킹순 \n\n설명 \n\n쿠팡 랭킹순은 판매 실적, 고객 선호도, 상품 경쟁력 및\n\n검색 정확도 등을 종합적으로 고려한 것입니다.\n    *   판매 실적 : 상품의 구매 건수\n    *   고객 선호도 : 상품 및 판매자에 대한 고객평가 등\n    *   상품 경쟁력 : 상품 가격, 배송 기간 등\n    *   검색 정확도 : 검색어와 상품 간 연관도 등\n\n이 밖에 쿠팡 랭킹순에는 고객의 편의 및 만족도\n\n향상을 위한 추가적인 요소가 수시로 반영될 수 있습니다.\n\n*   낮은가격순 \n*   높은가격순 \n*   판매량순 \n*   최신순 \n\n*   36 개씩 보기 \n*   48 개씩 보기 \n*   60 개씩 보기 \n*   72 개씩 보기 \n\n필터\n\n![Image 49](https://thumbnail4.coupangcdn.com/thumbnails/remote/292x292q65ex/image/retail/images/f856210d-221a-45a9-ab21-c9f5162e7ae7317043525381587951.png)\n\n안성한우 무항생제 인증 안심 1++등급 (7) 구이용 (냉장), 200g, 2개\n\n![Image 50](http://image10.coupangcdn.com/image/coupang/rds/logo/xxxhdpi/logo_fresh_medium.png)\n\n오늘(토) 도착 보장\n\n(126)\n\n![Image 51](http://image14.coupangcdn.com/image/cmg/srp/topBanner/android/cta_arrow_xxxhdpi.png)\n\n광고\n\n![Image 52](https://image.coupangcdn.com/image/cmg/common/tooltip-icon@2x.png)\n\n*   [![Image 53: 도담우 국내산 안심 소고기 안심스테이크 구이용 (와사비솔트 증정), 1개, 200g](https://thumbnail.coupangcdn.com/thumbnails/remote/320x320ex/image/vendor_inventory/757c/861892af05ed21b10366bd589d678df1888ed616b58ae4ad4cf678bba985.png) 도담우 국내산 안심 소고기 안심스테이크 구이용 (와사비솔트 증정), 1개, 200g ~~24,000원~~ 16% 20,000원 (100g당 10,000원) 12/2(화) 도착 예정 무료배송 ∙ 오늘출발 4.5 (15) ![Image 54: 최대 1,590원 적립](https://image.coupangcdn.com/image/badges/cashback/web/list-cash-icon@2x.png)최대 1,000원 적립 쿠팡으로부터 광고 서비스를 구매한 제휴업체의 판매상품으로 일반 상품보다 우선 정렬됩니다. AD](https://www.coupang.com/vp/products/9021041693?itemId=26449903797&vendorItemId=93425381660&sourceType=srp_product_ads&clickEventId=45f76410-cc7b-11f0-a09e-caeb6ae29b60&korePlacement=15&koreSubPlacement=1&clickEventId=45f76410-cc7b-11f0-a09e-caeb6ae29b60&korePlacement=15&koreSubPlacement=1)\n*   [![Image 55: 목우촌 국내산 소고기 안심 스테이크용 (냉장), 300g, 1개](https://thumbnail.coupangcdn.com/thumbnails/remote/320x320ex/image/retail/images/2022/10/17/15/8/20f881c7-cde2-4875-9333-1336c5991a64.jpg)![Image 56](https://image.coupangcdn.com/image/badges/cou_pick/web/coupick@2x.png) 목우촌 국내산 소고기 안심 스테이크용 (냉장), 300g, 1개 ~~49,990원~~ 40% 29,850원 (100g당 9,950원) ![Image 57](https://image.coupangcdn.com/image/badges/falcon/v1/web/rocket-fresh@2x.png) 오늘(토) 도착 보장 5 (2069) ![Image 58: 최대 1,590원 적립](https://image.coupangcdn.com/image/badges/cashback/web/list-cash-icon@2x.png)최대 1,493원 적립 1](https://www.coupang.com/vp/products/6853353255?itemId=16335580395&vendorItemId=83527502996&pickType=COU_PICK&q=%EA%B5%AD%EB%82%B4%EC%82%B0%EC%9C%A1%EC%9A%B0%EC%95%88%EC%8B%AC%EC%8A%A4%ED%85%8C%EC%9D%B4%ED%81%AC%20%ED%8C%90%EB%A7%A4%20%EC%83%81%ED%92%88&searchId=05d7738e380468&sourceType=search&itemsCount=36&searchRank=1&rank=1)\n*   [![Image 59: 이로우 국내산 무항생제 소고기 안심 스테이크용 (냉장), 200g, 1개](https://thumbnail.coupangcdn.com/thumbnails/remote/320x320ex/image/retail/images/2020/09/25/18/1/2428904f-bb51-48c3-a85c-3dc0792a8541.jpg) 이로우 국내산 무항생제 소고기 안심 스테이크용 (냉장), 200g, 1개 23,300원 (100g당 11,650원) ![Image 60](https://image.coupangcdn.com/image/badges/falcon/v1/web/rocket-fresh@2x.png) 오늘(토) 도착 보장 4.5 (870) ![Image 61: 최대 1,590원 적립](https://image.coupangcdn.com/image/badges/cashback/web/list-cash-icon@2x.png)최대 1,165원 적립 2](https://www.coupang.com/vp/products/2175244990?itemId=3701410400&vendorItemId=71686697280&q=%EA%B5%AD%EB%82%B4%EC%82%B0%EC%9C%A1%EC%9A%B0%EC%95%88%EC%8B%AC%EC%8A%A4%ED%85%8C%EC%9D%B4%ED%81%AC%20%ED%8C%90%EB%A7%A4%20%EC%83%81%ED%92%88&searchId=05d7738e380468&sourceType=search&itemsCount=36&searchRank=2&rank=2)\n*   [![Image 62: [예담우] 소고기 국내산 냉장 안심 스테이크 로스 구이용 캠핑, 3개, 250g](https://thumbnail.coupangcdn.com/thumbnails/remote/320x320ex/image/vendor_inventory/fc90/27d26dbd2a1c932fc7ddd4aedeadb4deb6d551144cc38b4a0a69a176fb29.jpg) [예담우] 소고기 국내산 냉장 안심 스테이크 로스 구이용 캠핑, 4개, 250g 할인~~38,900원~~ 12% 34,110원 (100g당 3,411원) 12/4(목) 도착 예정 무료배송 4 (183) ![Image 63: 최대 1,590원 적립](https://image.coupangcdn.com/image/badges/cashback/web/list-cash-icon@2x.png)최대 1,688원 적립 3](https://www.coupang.com/vp/products/8703375562?itemId=25274863778&vendorItemId=92270510007&q=%EA%B5%AD%EB%82%B4%EC%82%B0%EC%9C%A1%EC%9A%B0%EC%95%88%EC%8B%AC%EC%8A%A4%ED%85%8C%EC%9D%B4%ED%81%AC%20%ED%8C%90%EB%A7%A4%20%EC%83%81%ED%92%88&searchId=05d7738e380468&sourceType=search&itemsCount=36&searchRank=3&rank=3)\n*   [![Image 64: 목우촌 국내산 소고기 안심 스테이크용 (냉장), 300g, 2개](https://thumbnail.coupangcdn.com/thumbnails/remote/320x320ex/image/retail/images/b51b328d-056c-4773-a4b1-9dfcc6d289558267042758503363155.png) 목우촌 국내산 소고기 안심 스테이크용 (냉장), 300g, 2개 ~~99,980원~~ 42% 57,900원 (100g당 9,650원) ![Image 65](https://image.coupangcdn.com/image/badges/falcon/v1/web/rocket-fresh@2x.png) 오늘(토) 도착 보장 5 (2069) ![Image 66: 최대 1,590원 적립](https://image.coupangcdn.com/image/badges/cashback/web/list-cash-icon@2x.png)최대 2,895원 적립 4](https://www.coupang.com/vp/products/6853353255?itemId=25240311206&vendorItemId=92236378161&q=%EA%B5%AD%EB%82%B4%EC%82%B0%EC%9C%A1%EC%9A%B0%EC%95%88%EC%8B%AC%EC%8A%A4%ED%85%8C%EC%9D%B4%ED%81%AC%20%ED%8C%90%EB%A7%A4%20%EC%83%81%ED%92%88&searchId=05d7738e380468&sourceType=search&itemsCount=36&searchRank=4&rank=4)\n*   [![Image 67: 목우촌 국내산 소고기 안심 스테이크용 (냉장), 300g, 3개](https://thumbnail.coupangcdn.com/thumbnails/remote/320x320ex/image/retail/images/f1899490-7fc3-4b45-9df7-268772dfb7af8067630359689914892.png) 목우촌 국내산 소고기 안심 스테이크용 (냉장), 300g, 3개 ~~149,970원~~ 43% 85,120원 (100g당 9,458원) ![Image 68](https://image.coupangcdn.com/image/badges/falcon/v1/web/rocket-fresh@2x.png) 오늘(토) 도착 보장 5 (2069) ![Image 69: 최대 1,590원 적립](https://image.coupangcdn.com/image/badges/cashback/web/list-cash-icon@2x.png)최대 4,256원 적립 5](https://www.coupang.com/vp/products/6853353255?itemId=25240311042&vendorItemId=92236378084&q=%EA%B5%AD%EB%82%B4%EC%82%B0%EC%9C%A1%EC%9A%B0%EC%95%88%EC%8B%AC%EC%8A%A4%ED%85%8C%EC%9D%B4%ED%81%AC%20%ED%8C%90%EB%A7%A4%20%EC%83%81%ED%92%88&searchId=05d7738e380468&sourceType=search&itemsCount=36&searchRank=5&rank=5)\n*   [![Image 70: 목우촌 국내산 소고기 안심 스테이크용 (냉장), 300g, 5개](https://thumbnail.coupangcdn.com/thumbnails/remote/320x320ex/image/retail/images/7d6b3426-65de-4c89-950c-a84b032c5d594506279896554441533.png) 목우촌 국내산 소고기 안심 스테이크용 (냉장), 300g, 5개 ~~249,950원~~ 45% 136,240원 (100g당 9,083원) ![Image 71](https://image.coupangcdn.com/image/badges/falcon/v1/web/rocket-fresh@2x.png) 오늘(토) 도착 보장 5 (2069) ![Image 72: 최대 1,590원 적립](https://image.coupangcdn.com/image/badges/cashback/web/list-cash-icon@2x.png)최대 6,812원 적립 품절임박 6](https://www.coupang.com/vp/products/6853353255?itemId=25240311132&vendorItemId=92236378128&q=%EA%B5%AD%EB%82%B4%EC%82%B0%EC%9C%A1%EC%9A%B0%EC%95%88%EC%8B%AC%EC%8A%A4%ED%85%8C%EC%9D%B4%ED%81%AC%20%ED%8C%90%EB%A7%A4%20%EC%83%81%ED%92%88&searchId=05d7738e380468&sourceType=search&itemsCount=36&searchRank=6&rank=6)\n*   [![Image 73: 목우촌 국내산 소고기 안심 스테이크용 (냉장), 300g, 6개](https://thumbnail.coupangcdn.com/thumbnails/remote/320x320ex/image/retail/images/0b50f4b0-7542-477e-8124-a54e898c42b85496878051463541139.png) 목우촌 국내산 소고기 안심 스테이크용 (냉장), 300g, 6개 ~~299,940원~~ 53% 140,770원 (100g당 7,821원) ![Image 74](https://image.coupangcdn.com/image/badges/falcon/v1/web/rocket-fresh@2x.png) 오늘(토) 도착 보장 5 (2069) ![Image 75: 최대 1,590원 적립](https://image.coupangcdn.com/image/badges/cashback/web/list-cash-icon@2x.png)최대 7,039원 적립 품절임박 7](https://www.coupang.com/vp/products/6853353255?itemId=25945529637&vendorItemId=92928706752&q=%EA%B5%AD%EB%82%B4%EC%82%B0%EC%9C%A1%EC%9A%B0%EC%95%88%EC%8B%AC%EC%8A%A4%ED%85%8C%EC%9D%B4%ED%81%AC%20%ED%8C%90%EB%A7%A4%20%EC%83%81%ED%92%88&searchId=05d7738e380468&sourceType=search&itemsCount=36&searchRank=7&rank=7)\n*   [![Image 76: [소잡는구선생]국내산 안심 스테이크500g 소고기 소안심캠핑고기 비프웰링턴, 안심500g덩어리(원통모양), 1개](https://thumbnail.coupangcdn.com/thumbnails/remote/320x320ex/image/vendor_inventory/0a12/4e92b98aa6d2f9a86b5336bd31f65272a50a91f9b7408f016662b25ca1f6.png) [소잡는구선생]국내산 안심 스테이크500g 소고기 소안심캠핑고기 비프웰링턴, 안심500g(2~3cm), 1개 ~~35,000원~~ 17% 29,000원 (100g당 5,800원) 12/2(화) 도착 예정 무료배송 ∙ 오늘출발 4.5 (718) ![Image 77: 최대 1,590원 적립](https://image.coupangcdn.com/image/badges/cashback/web/list-cash-icon@2x.png)최대 1,450원 적립 8](https://www.coupang.com/vp/products/7525796117?itemId=19748257795&vendorItemId=72328551273&q=%EA%B5%AD%EB%82%B4%EC%82%B0%EC%9C%A1%EC%9A%B0%EC%95%88%EC%8B%AC%EC%8A%A4%ED%85%8C%EC%9D%B4%ED%81%AC%20%ED%8C%90%EB%A7%A4%20%EC%83%81%ED%92%88&searchId=05d7738e380468&sourceType=search&itemsCount=36&searchRank=8&rank=8)\n*   [![Image 78: 국내산 소고기 부채살 스테이크 150g x 8팩 1.2kg 고단백 식단 육우 캠핑음식, 8개](https://thumbnail.coupangcdn.com/thumbnails/remote/320x320ex/image/vendor_inventory/eafc/aa12350c0e28d5bacf9e39b60dea140bd8efca6c78ea51be892370c0792d.png) 국내산 소고기 부채살 스테이크 150g x 8팩 1.2kg 고단백 식단 육우 캠핑음식, 8개 할인~~69,000원~~ 40% 40,770원 (100g당 3,398원) 12/2(화) 도착 예정 무료배송 ∙ 오늘출발 4.5 (12) ![Image 79: 최대 1,590원 적립](https://image.coupangcdn.com/image/badges/cashback/web/list-cash-icon@2x.png)최대 2,039원 적립 9](https://www.coupang.com/vp/products/8678717674?itemId=25193433273&vendorItemId=92190014538&q=%EA%B5%AD%EB%82%B4%EC%82%B0%EC%9C%A1%EC%9A%B0%EC%95%88%EC%8B%AC%EC%8A%A4%ED%85%8C%EC%9D%B4%ED%81%AC%20%ED%8C%90%EB%A7%A4%20%EC%83%81%ED%92%88&searchId=05d7738e380468&sourceType=search&itemsCount=36&searchRank=9&rank=9)\n*   [![Image 80: 이로우 국내산 무항생제 소고기 안심 스테이크용 (냉장), 200g, 2개](https://thumbnail.coupangcdn.com/thumbnails/remote/320x320ex/image/retail/images/91ffa56d-091a-4ea0-bfdb-64c7458dc99c4743394324230062050.png) 이로우 국내산 무항생제 소고기 안심 스테이크용 (냉장), 200g, 2개 45,200원 (100g당 11,300원) ![Image 81](https://image.coupangcdn.com/image/badges/falcon/v1/web/rocket-fresh@2x.png) 오늘(토) 도착 보장 4.5 (870) ![Image 82: 최대 1,590원 적립](https://image.coupangcdn.com/image/badges/cashback/web/list-cash-icon@2x.png)최대 2,260원 적립 10](https://www.coupang.com/vp/products/2175244990?itemId=19233296728&vendorItemId=86349762201&q=%EA%B5%AD%EB%82%B4%EC%82%B0%EC%9C%A1%EC%9A%B0%EC%95%88%EC%8B%AC%EC%8A%A4%ED%85%8C%EC%9D%B4%ED%81%AC%20%ED%8C%90%EB%A7%A4%20%EC%83%81%ED%92%88&searchId=05d7738e380468&sourceType=search&itemsCount=36&searchRank=10&rank=10)\n*   [![Image 83: 이로우 국내산 무항생제 소고기 안심 스테이크용 (냉장), 200g, 3개](https://thumbnail.coupangcdn.com/thumbnails/remote/320x320ex/image/retail/images/769c2b23-bd79-4ad2-8b54-9fbb3df0e1318635996578771938498.png) 이로우 국내산 무항생제 소고기 안심 스테이크용 (냉장), 200g, 3개 66,440원 (100g당 11,073원) ![Image 84](https://image.coupangcdn.com/image/badges/falcon/v1/web/rocket-fresh@2x.png) 오늘(토) 도착 보장 4.5 (870) ![Image 85: 최대 1,590원 적립](https://image.coupangcdn.com/image/badges/cashback/web/list-cash-icon@2x.png)최대 3,322원 적립](https://www.coupang.com/vp/products/2175244990?itemId=25295812805&vendorItemId=92291132034&q=%EA%B5%AD%EB%82%B4%EC%82%B0%EC%9C%A1%EC%9A%B0%EC%95%88%EC%8B%AC%EC%8A%A4%ED%85%8C%EC%9D%B4%ED%81%AC%20%ED%8C%90%EB%A7%A4%20%EC%83%81%ED%92%88&searchId=05d7738e380468&sourceType=search&itemsCount=36&searchRank=11&rank=11)\n*   [![Image 86: 정육1번가 국내산 냉장 육우 안심 토종소 소고기 스테이크 구이 300g내외, 스테이크용, 1개](https://thumbnail.coupangcdn.com/thumbnails/remote/320x320ex/image/vendor_inventory/e9b2/9a6ceae448092c14c2816ba4530cfdd95c0ab5aee6aa1e4b05ae2dc96c9b.jpeg) 정육1번가 국내산 냉장 육우 안심 토종소 소고기 스테이크 구이 300g내외, 스테이크용, 1개 36,000원 (100g당 12,000원) 배송비 3,500원 조건부 무료배송 12/3(수) 도착 예정 5 (1) ![Image 87: 최대 1,590원 적립](https://image.coupangcdn.com/image/badges/cashback/web/list-cash-icon@2x.png)최대 1,800원 적립](https://www.coupang.com/vp/products/9060953269?itemId=18952542192&vendorItemId=86078744364&q=%EA%B5%AD%EB%82%B4%EC%82%B0%EC%9C%A1%EC%9A%B0%EC%95%88%EC%8B%AC%EC%8A%A4%ED%85%8C%EC%9D%B4%ED%81%AC%20%ED%8C%90%EB%A7%A4%20%EC%83%81%ED%92%88&searchId=05d7738e380468&sourceType=search&itemsCount=36&searchRank=12&rank=12)\n*   [![Image 88: [소잡는구선생]국내산 안심 스테이크500g 소고기 소안심캠핑고기 비프웰링턴, 안심500g덩어리(원통모양), 1개](https://thumbnail.coupangcdn.com/thumbnails/remote/320x320ex/image/vendor_inventory/0a12/4e92b98aa6d2f9a86b5336bd31f65272a50a91f9b7408f016662b25ca1f6.png) [소잡는구선생]국내산 안심 스테이크500g 소고기 소안심캠핑고기 비프웰링턴, 안심500g덩어리(원통모양), 1개 ~~35,000원~~ 17% 29,000원 (100g당 5,800원) 12/2(화) 도착 예정 무료배송 ∙ 오늘출발 4.5 (718) ![Image 89: 최대 1,590원 적립](https://image.coupangcdn.com/image/badges/cashback/web/list-cash-icon@2x.png)최대 1,450원 적립](https://www.coupang.com/vp/products/7525796117?itemId=19748257794&vendorItemId=72972174486&q=%EA%B5%AD%EB%82%B4%EC%82%B0%EC%9C%A1%EC%9A%B0%EC%95%88%EC%8B%AC%EC%8A%A4%ED%85%8C%EC%9D%B4%ED%81%AC%20%ED%8C%90%EB%A7%A4%20%EC%83%81%ED%92%88&searchId=05d7738e380468&sourceType=search&itemsCount=36&searchRank=13&rank=13)\n*   [![Image 90: [예담우] 소고기 국내산 냉장 안심 스테이크 로스 구이용 캠핑, 3개, 250g](https://thumbnail.coupangcdn.com/thumbnails/remote/320x320ex/image/vendor_inventory/fc90/27d26dbd2a1c932fc7ddd4aedeadb4deb6d551144cc38b4a0a69a176fb29.jpg) [예담우] 소고기 국내산 냉장 안심 스테이크 로스 구이용 캠핑, 2개, 250g 18,800원 (100g당 3,760원) 배송비 3,500원 조건부 무료배송 12/4(목) 도착 예정 4 (183) ![Image 91: 최대 1,590원 적립](https://image.coupangcdn.com/image/badges/cashback/web/list-cash-icon@2x.png)최대 940원 적립](https://www.coupang.com/vp/products/8703375562?itemId=25274863782&vendorItemId=92270510027&q=%EA%B5%AD%EB%82%B4%EC%82%B0%EC%9C%A1%EC%9A%B0%EC%95%88%EC%8B%AC%EC%8A%A4%ED%85%8C%EC%9D%B4%ED%81%AC%20%ED%8C%90%EB%A7%A4%20%EC%83%81%ED%92%88&searchId=05d7738e380468&sourceType=search&itemsCount=36&searchRank=14&rank=14)\n*   [![Image 92: 미트엔조이 호주산 안심 스테이크 (냉장), 150g, 2개](https://thumbnail.coupangcdn.com/thumbnails/remote/320x320ex/image/retail/images/00dd3f8e-b0e9-480c-ac3f-56cb2f99d6232934876873180099677.png)202원 캐시 적립 미트엔조이 호주산 안심 스테이크 (냉장), 150g, 2개 21,200원 (100g당 7,067원) 1,000원 와우 가입 쿠폰 ![Image 93](https://image.coupangcdn.com/image/badges/falcon/v1/web/rocket-fresh@2x.png) 오늘(토) 도착 보장 4.5 (7046) ![Image 94: 최대 1,590원 적립](https://image.coupangcdn.com/image/badges/cashback/web/list-cash-icon@2x.png)최대 1,010원 적립](https://www.coupang.com/vp/products/1131265475?itemId=19224578756&vendorItemId=86341241778&q=%EA%B5%AD%EB%82%B4%EC%82%B0%EC%9C%A1%EC%9A%B0%EC%95%88%EC%8B%AC%EC%8A%A4%ED%85%8C%EC%9D%B4%ED%81%AC%20%ED%8C%90%EB%A7%A4%20%EC%83%81%ED%92%88&searchId=05d7738e380468&sourceType=search&itemsCount=36&searchRank=15&rank=15)\n*   [![Image 95: [예담우] 소고기 국내산 냉장 안심 스테이크 로스 구이용 캠핑, 3개, 250g](https://thumbnail.coupangcdn.com/thumbnails/remote/320x320ex/image/vendor_inventory/fc90/27d26dbd2a1c932fc7ddd4aedeadb4deb6d551144cc38b4a0a69a176fb29.jpg) [예담우] 소고기 국내산 냉장 안심 스테이크 로스 구이용 캠핑, 3개, 250g 29,900원 (100g당 3,987원) 배송비 3,500원 조건부 무료배송 12/4(목) 도착 예정 4 (183) ![Image 96: 최대 1,590원 적립](https://image.coupangcdn.com/image/badges/cashback/web/list-cash-icon@2x.png)최대 1,495원 적립](https://www.coupang.com/vp/products/8703375562?itemId=25274863785&vendorItemId=92270510038&q=%EA%B5%AD%EB%82%B4%EC%82%B0%EC%9C%A1%EC%9A%B0%EC%95%88%EC%8B%AC%EC%8A%A4%ED%85%8C%EC%9D%B4%ED%81%AC%20%ED%8C%90%EB%A7%A4%20%EC%83%81%ED%92%88&searchId=05d7738e380468&sourceType=search&itemsCount=36&searchRank=16&rank=16)\n*   [![Image 97: 도담우 국내산 안심 소고기 안심스테이크 구이용 (와사비솔트 증정), 1개, 200g](https://thumbnail.coupangcdn.com/thumbnails/remote/320x320ex/image/vendor_inventory/757c/861892af05ed21b10366bd589d678df1888ed616b58ae4ad4cf678bba985.png) 도담우 국내산 안심 소고기 안심스테이크 구이용 (와사비솔트 증정), 3개, 200g ~~58,000원~~ 6% 54,000원 (100g당 9,000원) 12/2(화) 도착 예정 무료배송 ∙ 오늘출발 4.5 (15) ![Image 98: 최대 1,590원 적립](https://image.coupangcdn.com/image/badges/cashback/web/list-cash-icon@2x.png)최대 2,700원 적립](https://www.coupang.com/vp/products/9021041693?itemId=26449903814&vendorItemId=93425381661&q=%EA%B5%AD%EB%82%B4%EC%82%B0%EC%9C%A1%EC%9A%B0%EC%95%88%EC%8B%AC%EC%8A%A4%ED%85%8C%EC%9D%B4%ED%81%AC%20%ED%8C%90%EB%A7%A4%20%EC%83%81%ED%92%88&searchId=05d7738e380468&sourceType=search&itemsCount=36&searchRank=17&rank=17)\n*   [![Image 99: 곰곰 호주산 소고기 안심 스테이크용 (냉장), 300g, 2개](https://thumbnail.coupangcdn.com/thumbnails/remote/320x320ex/image/retail/images/972771561383357-ff0f6fc1-d440-43c9-8887-856bf8883788.jpg) 곰곰 호주산 소고기 안심 스테이크용 (냉장), 300g, 2개 ~~38,000원~~ 12% 33,260원 (100g당 5,543원) ![Image 100](https://image.coupangcdn.com/image/badges/falcon/v1/web/rocket-fresh@2x.png) 오늘(토) 도착 보장 4.5 (481) ![Image 101: 최대 1,590원 적립](https://image.coupangcdn.com/image/badges/cashback/web/list-cash-icon@2x.png)최대 1,663원 적립](https://www.coupang.com/vp/products/8308632352?itemId=24190543436&vendorItemId=91208284443&q=%EA%B5%AD%EB%82%B4%EC%82%B0%EC%9C%A1%EC%9A%B0%EC%95%88%EC%8B%AC%EC%8A%A4%ED%85%8C%EC%9D%B4%ED%81%AC%20%ED%8C%90%EB%A7%A4%20%EC%83%81%ED%92%88&searchId=05d7738e380468&sourceType=search&itemsCount=36&searchRank=18&rank=18)\n*   [![Image 102: [꿈에그린한우] 한우 1++등급 안심 구이용 (냉장), 3개, 200g](https://thumbnail.coupangcdn.com/thumbnails/remote/320x320ex/image/vendor_inventory/image_audit/stage/manual/2c58bb8ccee27629a63b573b9acc67595a4b5f4d8e2c8d5f194fcbea08be_1763947162509.jpg) [꿈에그린한우] 한우 1++등급 안심 구이용 (냉장), 3개, 200g ~~88,000원~~ 9% 79,450원 (100g당 13,242원) 12/2(화) 도착 예정 무료배송 ∙ 오늘출발 4 (13) ![Image 103: 최대 1,590원 적립](https://image.coupangcdn.com/image/badges/cashback/web/list-cash-icon@2x.png)최대 3,973원 적립 쿠팡으로부터 광고 서비스를 구매한 제휴업체의 판매상품으로 일반 상품보다 우선 정렬됩니다. AD](https://www.coupang.com/vp/products/8616813542?itemId=24996674344&vendorItemId=91393940055&sourceType=srp_product_ads&clickEventId=45f78b20-cc7b-11f0-a17e-cdae7b6ce863&korePlacement=15&koreSubPlacement=20&clickEventId=45f78b20-cc7b-11f0-a17e-cdae7b6ce863&korePlacement=15&koreSubPlacement=20)\n*   [![Image 104: [마블플러스] 호주산 안심 원육 냉동 호주청정우 캠핑용 가정용 홈파티용, ★(냉동) 안심 원물 2kg, 1개](https://thumbnail.coupangcdn.com/thumbnails/remote/320x320ex/image/vendor_inventory/6fdb/9de077edf9f522d13fa3cdc944d280b2f0611e1d0f01c5a962d3ef3a28b4.jpg) [마블플러스] 호주산 안심 원육 냉동 호주청정우 캠핑용 가정용 홈파티용, ★(냉동) 안심 원물 2kg, 1개 할인· 09:12:45~~300,000원~~ 63% 110,900원 (100g당 5,545원) 12/3(수) 도착 예정 무료배송 4.5 (18) ![Image 105: 최대 1,590원 적립](https://image.coupangcdn.com/image/badges/cashback/web/list-cash-icon@2x.png)최대 5,545원 적립 **단 1개 남음**빨리 주문하세요! 쿠팡으로부터 광고 서비스를 구매한 제휴업체의 판매상품으로 일반 상품보다 우선 정렬됩니다. AD](https://www.coupang.com/vp/products/5351664081?itemId=7874612281&vendorItemId=75164229480&sourceType=srp_product_ads&clickEventId=45f78b20-cc7b-11f0-8298-fcc4f17c5f46&korePlacement=15&koreSubPlacement=21&clickEventId=45f78b20-cc7b-11f0-8298-fcc4f17c5f46&korePlacement=15&koreSubPlacement=21)\n*   [![Image 106: 도담우 국내산 안심 소고기 안심스테이크 구이용 (와사비솔트 증정), 1개, 200g](https://thumbnail.coupangcdn.com/thumbnails/remote/320x320ex/image/vendor_inventory/757c/861892af05ed21b10366bd589d678df1888ed616b58ae4ad4cf678bba985.png) 도담우 국내산 안심 소고기 안심스테이크 구이용 (와사비솔트 증정), 2개, 200g ~~41,000원~~ 9% 37,000원 (100g당 9,250원) 12/2(화) 도착 예정 무료배송 ∙ 오늘출발 4.5 (15) ![Image 107: 최대 1,590원 적립](https://image.coupangcdn.com/image/badges/cashback/web/list-cash-icon@2x.png)최대 1,850원 적립](https://www.coupang.com/vp/products/9021041693?itemId=26449903819&vendorItemId=93425381663&q=%EA%B5%AD%EB%82%B4%EC%82%B0%EC%9C%A1%EC%9A%B0%EC%95%88%EC%8B%AC%EC%8A%A4%ED%85%8C%EC%9D%B4%ED%81%AC%20%ED%8C%90%EB%A7%A4%20%EC%83%81%ED%92%88&searchId=05d7738e380468&sourceType=search&itemsCount=36&searchRank=21&rank=21)\n*   [![Image 108: 안동한우 거세우 산소포장 1+등급 안심 로스구이/스테이크, 1+등급 안심 스테이크(20mm), 400g, 1개](https://thumbnail.coupangcdn.com/thumbnails/remote/320x320ex/image/vendor_inventory/d045/098bcada30e2c3f2710d18e70b3cf61589ce1c50025fe0d83f3b95ec64d7.png) 안동한우 거세우 산소포장 1+등급 안심 로스구이/스테이크, 1+등급 안심 스테이크(20mm), 400g, 1개 48,000원 (100g당 9,600원) 배송비 5,000원 조건부 무료배송 12/3(수) 도착 예정 4.5 (36) ![Image 109: 최대 1,590원 적립](https://image.coupangcdn.com/image/badges/cashback/web/list-cash-icon@2x.png)최대 2,400원 적립 쿠팡으로부터 광고 서비스를 구매한 제휴업체의 판매상품으로 일반 상품보다 우선 정렬됩니다. AD](https://www.coupang.com/vp/products/6500961657?itemId=14312073985&vendorItemId=81556759252&sourceType=srp_product_ads&clickEventId=45f78b20-cc7b-11f0-8262-88e9149ecaa4&korePlacement=15&koreSubPlacement=23&clickEventId=45f78b20-cc7b-11f0-8262-88e9149ecaa4&korePlacement=15&koreSubPlacement=23)\n*   [![Image 110: 목우촌 국내산 소고기 안심 (냉장), 300g, 2개](https://thumbnail.coupangcdn.com/thumbnails/remote/320x320ex/image/retail/images/7cab4590-3ce1-46b5-b48c-16cc29f5b0eb4701291726938897844.png) 목우촌 국내산 소고기 안심 (냉장), 300g, 2개 57,900원 (100g당 9,650원) ![Image 111](https://image.coupangcdn.com/image/badges/falcon/v1/web/rocket-fresh@2x.png) 오늘(토) 도착 보장 4.5 (7855) ![Image 112: 최대 1,590원 적립](https://image.coupangcdn.com/image/badges/cashback/web/list-cash-icon@2x.png)최대 2,895원 적립](https://www.coupang.com/vp/products/1267767183?itemId=25240310870&vendorItemId=92236377943&q=%EA%B5%AD%EB%82%B4%EC%82%B0%EC%9C%A1%EC%9A%B0%EC%95%88%EC%8B%AC%EC%8A%A4%ED%85%8C%EC%9D%B4%ED%81%AC%20%ED%8C%90%EB%A7%A4%20%EC%83%81%ED%92%88&searchId=05d7738e380468&sourceType=search&itemsCount=36&searchRank=23&rank=23)\n*   [![Image 113: 도담우 국내산 안심 소고기 안심스테이크 구이용 (와사비솔트 증정), 1개, 200g](https://thumbnail.coupangcdn.com/thumbnails/remote/320x320ex/image/vendor_inventory/757c/861892af05ed21b10366bd589d678df1888ed616b58ae4ad4cf678bba985.png) 도담우 국내산 안심 소고기 안심스테이크 구이용 (와사비솔트 증정), 5개, 200g ~~92,000원~~ 4% 88,000원 (100g당 8,800원) 12/2(화) 도착 예정 무료배송 ∙ 오늘출발 4.5 (15) ![Image 114: 최대 1,590원 적립](https://image.coupangcdn.com/image/badges/cashback/web/list-cash-icon@2x.png)최대 4,400원 적립](https://www.coupang.com/vp/products/9021041693?itemId=26449903808&vendorItemId=93425381662&q=%EA%B5%AD%EB%82%B4%EC%82%B0%EC%9C%A1%EC%9A%B0%EC%95%88%EC%8B%AC%EC%8A%A4%ED%85%8C%EC%9D%B4%ED%81%AC%20%ED%8C%90%EB%A7%A4%20%EC%83%81%ED%92%88&searchId=05d7738e380468&sourceType=search&itemsCount=36&searchRank=24&rank=24)\n*   [![Image 115: 도담우 국내산 안심 소고기 안심스테이크 구이용 (와사비솔트 증정), 1개, 200g](https://thumbnail.coupangcdn.com/thumbnails/remote/320x320ex/image/vendor_inventory/757c/861892af05ed21b10366bd589d678df1888ed616b58ae4ad4cf678bba985.png) 도담우 국내산 안심 소고기 안심스테이크 구이용 (와사비솔트 증정), 4개, 200g ~~75,000원~~ 5% 71,000원 (100g당 8,875원) 12/2(화) 도착 예정 무료배송 ∙ 오늘출발 4.5 (15) ![Image 116: 최대 1,590원 적립](https://image.coupangcdn.com/image/badges/cashback/web/list-cash-icon@2x.png)최대 3,550원 적립](https://www.coupang.com/vp/products/9021041693?itemId=26449903803&vendorItemId=93425381659&q=%EA%B5%AD%EB%82%B4%EC%82%B0%EC%9C%A1%EC%9A%B0%EC%95%88%EC%8B%AC%EC%8A%A4%ED%85%8C%EC%9D%B4%ED%81%AC%20%ED%8C%90%EB%A7%A4%20%EC%83%81%ED%92%88&searchId=05d7738e380468&sourceType=search&itemsCount=36&searchRank=25&rank=25)\n*   [![Image 117: 청년고기 소고기 안심 스테이크 큐브 찹스테이크 150g 200g 소포장 호주산 청정우 곡물사육, 호주산 안심 스테이크 150g, 6개](https://thumbnail.coupangcdn.com/thumbnails/remote/320x320ex/image/vendor_inventory/image_audit/stage/manual/4d7e6ae3ff6eab0e51bb12fe3315cb140d96b517e5ed7e3ca7746f4b2b6f_1752632210618.jpg) 청년고기 소고기 안심 스테이크 큐브 찹스테이크 150g 200g 소포장 호주산 청정우 곡물사육, 호주산 안심 스테이크 150g, 6개 할인· 5일 남음~~77,400원~~ 23% 58,990원 (100g당 6,554원) 12/2(화) 도착 예정 무료배송 ∙ 오늘출발 4.5 (552) ![Image 118: 최대 1,590원 적립](https://image.coupangcdn.com/image/badges/cashback/web/list-cash-icon@2x.png)최대 2,920원 적립](https://www.coupang.com/vp/products/6771752767?itemId=23520413445&vendorItemId=90546762043&q=%EA%B5%AD%EB%82%B4%EC%82%B0%EC%9C%A1%EC%9A%B0%EC%95%88%EC%8B%AC%EC%8A%A4%ED%85%8C%EC%9D%B4%ED%81%AC%20%ED%8C%90%EB%A7%A4%20%EC%83%81%ED%92%88&searchId=05d7738e380468&sourceType=search&itemsCount=36&searchRank=26&rank=26)\n*   [![Image 119: 도담우 국내산 안심 소고기 안심스테이크 구이용 (와사비솔트 증정), 1개, 200g](https://thumbnail.coupangcdn.com/thumbnails/remote/320x320ex/image/vendor_inventory/757c/861892af05ed21b10366bd589d678df1888ed616b58ae4ad4cf678bba985.png) 도담우 국내산 안심 소고기 안심스테이크 구이용 (와사비솔트 증정), 1개, 200g ~~24,000원~~ 16% 20,000원 (100g당 10,000원) 12/2(화) 도착 예정 무료배송 ∙ 오늘출발 4.5 (15) ![Image 120: 최대 1,590원 적립](https://image.coupangcdn.com/image/badges/cashback/web/list-cash-icon@2x.png)최대 1,000원 적립](https://www.coupang.com/vp/products/9021041693?itemId=26449903797&vendorItemId=93425381660&q=%EA%B5%AD%EB%82%B4%EC%82%B0%EC%9C%A1%EC%9A%B0%EC%95%88%EC%8B%AC%EC%8A%A4%ED%85%8C%EC%9D%B4%ED%81%AC%20%ED%8C%90%EB%A7%A4%20%EC%83%81%ED%92%88&searchId=05d7738e380468&sourceType=search&itemsCount=36&searchRank=27&rank=27)\n*   [![Image 121: 투쁠한우 No.9 1++(9) 안심 스테이크용 프리미엄 소고기 구이용 국내산 기온유, 1개, 200g](https://thumbnail.coupangcdn.com/thumbnails/remote/320x320ex/image/vendor_inventory/6803/59a633b2680c79ba1a6dc6b65eec7bb338daa2a86b96bb7fb467ce21c9c0.jpg) 투쁠한우 No.9 1++(9) 안심 스테이크용 프리미엄 소고기 구이용 국내산 기온유, 1개, 200g ~~63,900원~~ 28% 45,900원 (100g당 22,950원) 12/2(화) 도착 예정 무료배송 ∙ 오늘출발 ![Image 122: 최대 1,590원 적립](https://image.coupangcdn.com/image/badges/cashback/web/list-cash-icon@2x.png)최대 2,295원 적립](https://www.coupang.com/vp/products/8985908337?itemId=26316461375&vendorItemId=93293915746&q=%EA%B5%AD%EB%82%B4%EC%82%B0%EC%9C%A1%EC%9A%B0%EC%95%88%EC%8B%AC%EC%8A%A4%ED%85%8C%EC%9D%B4%ED%81%AC%20%ED%8C%90%EB%A7%A4%20%EC%83%81%ED%92%88&searchId=05d7738e380468&sourceType=search&itemsCount=36&searchRank=28&rank=28)\n*   [![Image 123: [예담] 국내산 소고기 안심 스테이크 250g+250g, 500g, 1세트](https://thumbnail.coupangcdn.com/thumbnails/remote/320x320ex/image/vendor_inventory/12ef/7f34c8ac18966ea9ce79998f05b2dc017b62c72e0d68dcdb606577f587ea.jpg) [예담] 국내산 소고기 안심 스테이크 250g+250g, 500g, 1세트 35,900원 (100g당 7,180원) 12/5(금) 도착 예정 무료배송 ![Image 124: 최대 1,590원 적립](https://image.coupangcdn.com/image/badges/cashback/web/list-cash-icon@2x.png)최대 1,795원 적립](https://www.coupang.com/vp/products/8695450366?itemId=25247906702&vendorItemId=92243867134&q=%EA%B5%AD%EB%82%B4%EC%82%B0%EC%9C%A1%EC%9A%B0%EC%95%88%EC%8B%AC%EC%8A%A4%ED%85%8C%EC%9D%B4%ED%81%AC%20%ED%8C%90%EB%A7%A4%20%EC%83%81%ED%92%88&searchId=05d7738e380468&sourceType=search&itemsCount=36&searchRank=29&rank=29)\n*   [![Image 125: 팜스토리 국내산 소고기 안심 찹스테이크 (냉장), 300g, 1개](https://thumbnail.coupangcdn.com/thumbnails/remote/320x320ex/image/retail/images/2022/03/11/12/3/d91cb044-dd12-4fef-a528-bb3cda8b15aa.jpg) 팜스토리 국내산 소고기 안심 찹스테이크 (냉장), 300g, 1개 ~~36,990원~~ 23% 28,420원 (100g당 9,473원) ![Image 126](https://image.coupangcdn.com/image/badges/falcon/v1/web/rocket-fresh@2x.png) 일시품절 4.5 (94)](https://www.coupang.com/vp/products/6393340042?itemId=13639089269&vendorItemId=80891797505&q=%EA%B5%AD%EB%82%B4%EC%82%B0%EC%9C%A1%EC%9A%B0%EC%95%88%EC%8B%AC%EC%8A%A4%ED%85%8C%EC%9D%B4%ED%81%AC%20%ED%8C%90%EB%A7%A4%20%EC%83%81%ED%92%88&searchId=05d7738e380468&sourceType=search&itemsCount=36&searchRank=30&rank=30)\n*   [![Image 127: [이겼소] 국내산 냉장 안심 소고기 1kg 덩어리, 1개](https://thumbnail.coupangcdn.com/thumbnails/remote/320x320ex/image/vendor_inventory/8015/4e1e063e7a0c6d513e09662f0b93a54b3de284850aa782da78260ae61eea.png) [이겼소] 국내산 냉장 안심 소고기 1kg 덩어리, 1개 ~~62,900원~~ 4% 59,900원 (100g당 5,990원) 12/2(화) 도착 예정 무료배송 ∙ 오늘출발 4.5 (93) ![Image 128: 최대 1,590원 적립](https://image.coupangcdn.com/image/badges/cashback/web/list-cash-icon@2x.png)최대 2,995원 적립 쿠팡으로부터 광고 서비스를 구매한 제휴업체의 판매상품으로 일반 상품보다 우선 정렬됩니다. AD](https://www.coupang.com/vp/products/7658301985?itemId=20395447897&vendorItemId=82461924091&sourceType=srp_product_ads&clickEventId=45f78b20-cc7b-11f0-a8dd-614a12fcfe60&korePlacement=15&koreSubPlacement=37&clickEventId=45f78b20-cc7b-11f0-a8dd-614a12fcfe60&korePlacement=15&koreSubPlacement=37)\n*   [![Image 129: 만블링 한우 안심 스테이크 (냉동), 150g, 2개](https://thumbnail.coupangcdn.com/thumbnails/remote/320x320ex/image/retail/images/152072675142333-60bfb0b2-e52c-41de-9991-7108561e3abf.jpg) 만블링 한우 안심 스테이크 (냉동), 150g, 2개 39,570원 (100g당 13,190원) ![Image 130](https://image.coupangcdn.com/image/badges/falcon/v1/web/rocket-fresh@2x.png) 오늘(토) 도착 보장 5 (61) ![Image 131: 최대 1,590원 적립](https://image.coupangcdn.com/image/badges/cashback/web/list-cash-icon@2x.png)최대 1,979원 적립 쿠팡으로부터 광고 서비스를 구매한 제휴업체의 판매상품으로 일반 상품보다 우선 정렬됩니다. AD](https://www.coupang.com/vp/products/8918133565?itemId=26118284167&vendorItemId=93098757581&sourceType=srp_product_ads&clickEventId=45f78b20-cc7b-11f0-a7f6-6856ab6db4ff&korePlacement=15&koreSubPlacement=38&clickEventId=45f78b20-cc7b-11f0-a7f6-6856ab6db4ff&korePlacement=15&koreSubPlacement=38)\n*   [![Image 132: [무료배송]소안심(원육)1.4kg~2.1kg /업소용/도매/청정뉴질랜드 목초사육 소고기 /이유식./다이어트/스테이크/안심스테이크, 소안심(원육)1.4kg, 1개](https://thumbnail.coupangcdn.com/thumbnails/remote/320x320ex/image/vendor_inventory/c5cb/9740b3d650cba2f015bcb6c3560c2a3f9be0b95fbb881530d9e5dd354882.jpg) [무료배송]소안심(원육)1.4kg~2.1kg /업소용/도매/청정뉴질랜드 목초사육 소고기 /이유식./다이어트/스테이크/안심스테이크, 소안심(원육)1.4kg, 1개 ~~90,000원~~ 14% 77,000원 (100g당 5,500원) 12/2(화) 도착 예정 무료배송 ∙ 오늘출발 4.5 (220) ![Image 133: 최대 1,590원 적립](https://image.coupangcdn.com/image/badges/cashback/web/list-cash-icon@2x.png)최대 3,850원 적립 쿠팡으로부터 광고 서비스를 구매한 제휴업체의 판매상품으로 일반 상품보다 우선 정렬됩니다. AD](https://www.coupang.com/vp/products/7686948263?itemId=20545642582&vendorItemId=82143477490&sourceType=srp_product_ads&clickEventId=45f78b20-cc7b-11f0-bbd3-31a3bf814155&korePlacement=15&koreSubPlacement=40&clickEventId=45f78b20-cc7b-11f0-bbd3-31a3bf814155&korePlacement=15&koreSubPlacement=40)\n*   [![Image 134: [마블플러스] 호주산 안심 원육 (냉장) 호주청정우 캠핑용 가정용 홈파티용, 1개](https://thumbnail.coupangcdn.com/thumbnails/remote/320x320ex/image/vendor_inventory/11bd/76d445f5c79a25ef8decea81f33a4d75fa472cfd042c97c1aab034658cff.jpg) [마블플러스] 호주산 안심 원육 (냉장) 호주청정우 캠핑용 가정용 홈파티용, 1개 ~~300,000원~~ 33% 198,600원 (100g당 7,356원) 12/2(화) 도착 예정 무료배송 ∙ 오늘출발 4.5 (128) ![Image 135: 최대 1,590원 적립](https://image.coupangcdn.com/image/badges/cashback/web/list-cash-icon@2x.png)최대 9,930원 적립 **단 1개 남음**빨리 주문하세요! 쿠팡으로부터 광고 서비스를 구매한 제휴업체의 판매상품으로 일반 상품보다 우선 정렬됩니다. AD](https://www.coupang.com/vp/products/1984807168?itemId=14194641467&vendorItemId=71364215699&sourceType=srp_product_ads&clickEventId=45f7b230-cc7b-11f0-9335-8ab7ba46478b&korePlacement=15&koreSubPlacement=41&clickEventId=45f7b230-cc7b-11f0-9335-8ab7ba46478b&korePlacement=15&koreSubPlacement=41)\n*   [![Image 136: 만블링 한우 채끝 스테이크 (냉동), 150g, 2개](https://thumbnail.coupangcdn.com/thumbnails/remote/320x320ex/image/retail/images/ca89f617-7087-45f2-bf62-e58fabd24d696085188681126167945.png) 만블링 한우 채끝 스테이크 (냉동), 150g, 2개 31,810원 (100g당 10,603원) ![Image 137](https://image.coupangcdn.com/image/badges/falcon/v1/web/rocket-fresh@2x.png) 오늘(토) 도착 보장 5 (72) ![Image 138: 최대 1,590원 적립](https://image.coupangcdn.com/image/badges/cashback/web/list-cash-icon@2x.png)최대 1,590원 적립 쿠팡으로부터 광고 서비스를 구매한 제휴업체의 판매상품으로 일반 상품보다 우선 정렬됩니다. AD](https://www.coupang.com/vp/products/8918133568?itemId=26118284151&vendorItemId=93098757539&sourceType=srp_product_ads&clickEventId=45f7b230-cc7b-11f0-9883-c5bef76f689c&korePlacement=15&koreSubPlacement=43&clickEventId=45f7b230-cc7b-11f0-9883-c5bef76f689c&korePlacement=15&koreSubPlacement=43)\n\n[](https://www.coupang.com/np/search?q=%EA%B5%AD%EB%82%B4%EC%82%B0%EC%9C%A1%EC%9A%B0%EC%95%88%EC%8B%AC%EC%8A%A4%ED%85%8C%EC%9D%B4%ED%81%AC%20%ED%8C%90%EB%A7%A4%20%EC%83%81%ED%92%88#)[](https://www.coupang.com/np/search?q=%EA%B5%AD%EB%82%B4%EC%82%B0%EC%9C%A1%EC%9A%B0%EC%95%88%EC%8B%AC%EC%8A%A4%ED%85%8C%EC%9D%B4%ED%81%AC%20%ED%8C%90%EB%A7%A4%20%EC%83%81%ED%92%88#)\n\n같이 보면 좋은 상품\n\n광고\n\n![Image 139](http://static.coupangcdn.com/image/cmg/icon/dco/ad_icon.png)\n\n![Image 140](https://thumbnail6.coupangcdn.com/thumbnails/remote/292x292q65ex/image/vendor_inventory/7990/4898c5bb90dcb5be57f3e8cf4062f7b04a7f6064d84d91ac673472d957a7.jpg)\n\n[마블플러스] 뉴질랜드 안심 스테이크 4cm 목초사육 청정우 다이어트 소고기, 뉴질랜드 안심 스테이크 4cm 160g, 1개\n\n18,900원\n\n17,400원\n\n(100g당 10,875원)\n\n12/2(화) 도착 예정\n\n(140)\n\n![Image 141](http://image8.coupangcdn.com/image/badges/cashback/aos/xxxhdpi/list_cash_icon.png)\n\n최대 870원 적립\n\n![Image 142](https://thumbnail12.coupangcdn.com/thumbnails/remote/292x292q65ex/image/retail/images/152036696314601-07b52a8b-fe38-4a2b-b91e-5a82b811227f.jpg)\n\n만블링 한우 안심 스테이크 (냉동), 150g, 1개\n\n20,400원\n\n(100g당 13,600원)\n\n![Image 143](http://image2.coupangcdn.com/image/coupang/rds/logo/xxxhdpi/logo_fresh_medium.png)\n\n오늘(토) 도착 보장\n\n(61)\n\n![Image 144](http://image5.coupangcdn.com/image/badges/cashback/aos/xxxhdpi/list_cash_icon.png)\n\n최대 1,020원 적립\n\n![Image 145](https://thumbnail13.coupangcdn.com/thumbnails/remote/292x292q65ex/image/vendor_inventory/8015/4e1e063e7a0c6d513e09662f0b93a54b3de284850aa782da78260ae61eea.png)\n\n무료배송\n\n[이겼소] 국내산 냉장 안심 소고기 1kg 덩어리, 1개\n\n62,900원\n\n59,900원\n\n(100g당 5,990원)\n\n12/2(화) 도착 예정\n\n(93)\n\n![Image 146](http://image11.coupangcdn.com/image/badges/cashback/aos/xxxhdpi/list_cash_icon.png)\n\n최대 2,995원 적립\n\n![Image 147](https://thumbnail2.coupangcdn.com/thumbnails/remote/292x292q65ex/image/vendor_inventory/c5cb/9740b3d650cba2f015bcb6c3560c2a3f9be0b95fbb881530d9e5dd354882.jpg)\n\n무료배송\n\n[무료배송]소안심(원육)1.4kg~2.1kg /업소용/도매/청정뉴질랜드 목초사육 소고기 /이유식./다이어트/스테이크/안심스테이크, 소안심(원육)1.6kg, 1개\n\n100,000원\n\n88,000원\n\n(100g당 5,500원)\n\n12/2(화) 도착 예정\n\n(220)\n\n![Image 148](http://image14.coupangcdn.com/image/badges/cashback/aos/xxxhdpi/list_cash_icon.png)\n\n최대 4,400원 적립\n\n![Image 149](https://thumbnail13.coupangcdn.com/thumbnails/remote/292x292q65ex/image/retail/images/256489948945399-dea2c1a7-b9eb-4e06-815c-88253c1d8f04.jpg)\n\n곰곰 국내산 소고기 채끝 구이용 (냉장), 1개, 300g\n\n29,900원\n\n20,080원\n\n(100g당 6,693원)\n\n![Image 150](http://image8.coupangcdn.com/image/coupang/rds/logo/xxxhdpi/logo_fresh_medium.png)\n\n오늘(토) 도착 보장\n\n(11)\n\n![Image 151](http://image5.coupangcdn.com/image/badges/cashback/aos/xxxhdpi/list_cash_icon.png)\n\n최대 1,004원 적립\n\n![Image 152](https://thumbnail4.coupangcdn.com/thumbnails/remote/292x292q65ex/image/vendor_inventory/image_audit/stage/manual/8c779090-9834-4efe-ae19-36d7511a56a4_1755161559231.jpeg)\n\n[함평천지한우] 무항생제 국내산 소고기 한우 1+등급 안심 300g, 1개\n\n51%\n\n87,000원\n\n41,780원\n\n(100g당 13,927원)\n\n12/3(수) 도착 예정\n\n(4)\n\n![Image 153](http://image6.coupangcdn.com/image/badges/cashback/aos/xxxhdpi/list_cash_icon.png)\n\n최대 2,089원 적립\n\n![Image 154](https://thumbnail4.coupangcdn.com/thumbnails/remote/292x292q65ex/image/rs_quotation_api/z8vmxcck/6ac07e4ab29341838160c5377529b3ee.jpg)\n\n만블링 한우 안심 (냉동), 200g, 1개\n\n22,900원\n\n(100g당 11,450원)\n\n![Image 155](http://image6.coupangcdn.com/image/coupang/rds/logo/xxxhdpi/logo_fresh_medium.png)\n\n오늘(토) 도착 보장\n\n(89)\n\n![Image 156](http://image10.coupangcdn.com/image/badges/cashback/aos/xxxhdpi/list_cash_icon.png)\n\n최대 1,030원 적립\n\n이전[1](https://www.coupang.com/np/search?q=%EA%B5%AD%EB%82%B4%EC%82%B0%EC%9C%A1%EC%9A%B0%EC%95%88%EC%8B%AC%EC%8A%A4%ED%85%8C%EC%9D%B4%ED%81%AC+%ED%8C%90%EB%A7%A4+%EC%83%81%ED%92%88&page=1)[2](https://www.coupang.com/np/search?q=%EA%B5%AD%EB%82%B4%EC%82%B0%EC%9C%A1%EC%9A%B0%EC%95%88%EC%8B%AC%EC%8A%A4%ED%85%8C%EC%9D%B4%ED%81%AC+%ED%8C%90%EB%A7%A4+%EC%83%81%ED%92%88&page=2)[3](https://www.coupang.com/np/search?q=%EA%B5%AD%EB%82%B4%EC%82%B0%EC%9C%A1%EC%9A%B0%EC%95%88%EC%8B%AC%EC%8A%A4%ED%85%8C%EC%9D%B4%ED%81%AC+%ED%8C%90%EB%A7%A4+%EC%83%81%ED%92%88&page=3)[4](https://www.coupang.com/np/search?q=%EA%B5%AD%EB%82%B4%EC%82%B0%EC%9C%A1%EC%9A%B0%EC%95%88%EC%8B%AC%EC%8A%A4%ED%85%8C%EC%9D%B4%ED%81%AC+%ED%8C%90%EB%A7%A4+%EC%83%81%ED%92%88&page=4)[5](https://www.coupang.com/np/search?q=%EA%B5%AD%EB%82%B4%EC%82%B0%EC%9C%A1%EC%9A%B0%EC%95%88%EC%8B%AC%EC%8A%A4%ED%85%8C%EC%9D%B4%ED%81%AC+%ED%8C%90%EB%A7%A4+%EC%83%81%ED%92%88&page=5)[다음](https://www.coupang.com/np/search?q=%EA%B5%AD%EB%82%B4%EC%82%B0%EC%9C%A1%EC%9A%B0%EC%95%88%EC%8B%AC%EC%8A%A4%ED%85%8C%EC%9D%B4%ED%81%AC+%ED%8C%90%EB%A7%A4+%EC%83%81%ED%92%88&page=2 \"다음\")\n\n이 상품을 검색한 다른 분들이 함께 본 상품\n------------------------\n\n이전 상품 보기\n\n*   [![Image 157: 푸드랩플러스 호주산 곡물 살치살 스테이크 (냉장), 400g, 1개](https://thumbnail.coupangcdn.com/thumbnails/remote/292x292ex/image/retail/images/2021/09/03/17/9/13a89477-f201-4730-bf66-8b3b1f699e02.jpg) 푸드랩플러스 호주산 곡물 살치살 스테이크 (냉장), 400g, 1개 **18,260원**(100g당 4,565원) ![Image 158](https://image.coupangcdn.com/image/coupang/rds/logo/xhdpi/logo_fresh_medium.png) 4.5 (10711)](https://www.coupang.com/vp/products/8032860067?vendorItemId=78486692281&sourceType=srp_also_viewed_item&rmdId=95bed2f69a6f41c0ac5f7d297059c703&eventLabel=recommendation_widget_pc_srp_001&platform=web&rmdABTestInfo=88611_A,14554_C,88610_B,91997_B,91996_B&rmdValue=p9021041693:vt-1.0.0:p8032860067 \"푸드랩플러스 호주산 곡물 살치살 스테이크 (냉장), 400g, 1개\")\n*   [![Image 159: 호주산 소고기 안심 스테이크용 (냉장), 150g, 2개](https://thumbnail.coupangcdn.com/thumbnails/remote/292x292ex/image/retail/images/5a280940-0e92-46e6-9068-13a9f9f28c446840219603133673052.png) 호주산 소고기 안심 스테이크용 (냉장), 150g, 2개 **20,200원**(100g당 6,733원) ![Image 160](https://image.coupangcdn.com/image/coupang/rds/logo/xhdpi/logo_fresh_medium.png) 4.5 (850)](https://www.coupang.com/vp/products/8308632346?vendorItemId=91208283868&sourceType=srp_also_viewed_item&rmdId=95bed2f69a6f41c0ac5f7d297059c703&eventLabel=recommendation_widget_pc_srp_001&platform=web&rmdABTestInfo=88611_A,14554_C,88610_B,91997_B,91996_B&rmdValue=p9021041693:vt-1.0.0:p8308632346 \"호주산 소고기 안심 스테이크용 (냉장), 150g, 2개\")\n*   [![Image 161: 목우촌 국내산 소고기 안심 (냉장), 300g, 1개](https://thumbnail.coupangcdn.com/thumbnails/remote/292x292ex/image/retail/images/2451551721622664-fe9a124c-4a84-4eae-bf94-43abee8ca653.jpg) 목우촌 국내산 소고기 안심 (냉장), 300g, 1개 **29,850원**(100g당 9,950원) ![Image 162](https://image.coupangcdn.com/image/coupang/rds/logo/xhdpi/logo_fresh_medium.png) 4.5 (7855)](https://www.coupang.com/vp/products/1267767183?vendorItemId=70268609297&sourceType=srp_also_viewed_item&rmdId=95bed2f69a6f41c0ac5f7d297059c703&eventLabel=recommendation_widget_pc_srp_001&platform=web&rmdABTestInfo=88611_A,14554_C,88610_B,91997_B,91996_B&rmdValue=p9021041693:vt-1.0.0:p1267767183 \"목우촌 국내산 소고기 안심 (냉장), 300g, 1개\")\n*   [![Image 163: 미트지엥 호주산 우안심 구이용 (냉장), 300g, 1개](https://thumbnail.coupangcdn.com/thumbnails/remote/292x292ex/image/retail/images/6498722913720808-005ad0f2-b90e-4c5d-bdc8-ca9abc0ef9e5.jpg) 미트지엥 호주산 우안심 구이용 (냉장), 300g, 1개 **20,280원**(100g당 6,760원) ![Image 164](https://image.coupangcdn.com/image/coupang/rds/logo/xhdpi/logo_fresh_medium.png) 4.5 (912)](https://www.coupang.com/vp/products/6029893102?vendorItemId=78272159364&sourceType=srp_also_viewed_item&rmdId=95bed2f69a6f41c0ac5f7d297059c703&eventLabel=recommendation_widget_pc_srp_001&platform=web&rmdABTestInfo=88611_A,14554_C,88610_B,91997_B,91996_B&rmdValue=p9021041693:vt-1.0.0:p6029893102 \"미트지엥 호주산 우안심 구이용 (냉장), 300g, 1개\")\n*   [![Image 165: 곰곰 호주산 소고기 안심 스테이크용 (냉장), 300g, 3개](https://thumbnail.coupangcdn.com/thumbnails/remote/292x292ex/image/retail/images/873079954912554-4e9fad88-e31d-48d8-90f6-e7eafca9707b.jpg) 곰곰 호주산 소고기 안심 스테이크용 (냉장), 300g, 3개 **49,890원**(100g당 5,543원) ![Image 166](https://image.coupangcdn.com/image/coupang/rds/logo/xhdpi/logo_fresh_medium.png) 4.5 (481)](https://www.coupang.com/vp/products/8308632352?vendorItemId=91208284578&sourceType=srp_also_viewed_item&rmdId=95bed2f69a6f41c0ac5f7d297059c703&eventLabel=recommendation_widget_pc_srp_001&platform=web&rmdABTestInfo=88611_A,14554_C,88610_B,91997_B,91996_B&rmdValue=p9021041693:vt-1.0.0:p8308632352 \"곰곰 호주산 소고기 안심 스테이크용 (냉장), 300g, 3개\")\n*   [![Image 167: 미트엔조이 호주산 안심 스테이크 (냉장), 150g, 2개](https://thumbnail.coupangcdn.com/thumbnails/remote/292x292ex/image/retail/images/00dd3f8e-b0e9-480c-ac3f-56cb2f99d6232934876873180099677.png) 미트엔조이 호주산 안심 스테이크 (냉장), 150g, 2개 **21,200원**(100g당 7,067원) **1,000원** 와우 가입 쿠폰 ![Image 168](https://image.coupangcdn.com/image/coupang/rds/logo/xhdpi/logo_fresh_medium.png) 4.5 (7046)](https://www.coupang.com/vp/products/1131265475?vendorItemId=86341241778&sourceType=srp_also_viewed_item&rmdId=95bed2f69a6f41c0ac5f7d297059c703&eventLabel=recommendation_widget_pc_srp_001&platform=web&rmdABTestInfo=88611_A,14554_C,88610_B,91997_B,91996_B&rmdValue=p9021041693:vt-1.0.0:p1131265475 \"미트엔조이 호주산 안심 스테이크 (냉장), 150g, 2개\")\n*   [![Image 169: 호주산 우안심 스테이크용 (냉장), 300g, 1팩](https://thumbnail.coupangcdn.com/thumbnails/remote/292x292ex/image/retail/images/69455979478553-5ba863de-0ee7-4cd5-9d09-df9c4bbcfe4d.jpg) 호주산 우안심 스테이크용 (냉장), 300g, 1팩 **17,320원**(100g당 5,773원) ![Image 170](https://image.coupangcdn.com/image/coupang/rds/logo/xhdpi/logo_fresh_medium.png) 4.5 (3920)](https://www.coupang.com/vp/products/1524431303?vendorItemId=70606681290&sourceType=srp_also_viewed_item&rmdId=95bed2f69a6f41c0ac5f7d297059c703&eventLabel=recommendation_widget_pc_srp_001&platform=web&rmdABTestInfo=88611_A,14554_C,88610_B,91997_B,91996_B&rmdValue=p9021041693:vt-1.0.0:p1524431303 \"호주산 우안심 스테이크용 (냉장), 300g, 1팩\")\n*   [![Image 171: 목우촌 국내산 소고기 등심 구이용 (냉장), 300g, 1개](https://thumbnail.coupangcdn.com/thumbnails/remote/292x292ex/image/retail/images/179106185329620-989bbf80-493a-44c0-aaa7-fa4a2a94b074.jpg) 목우촌 국내산 소고기 등심 구이용 (냉장), 300g, 1개 **18,300원**(100g당 6,100원) ![Image 172](https://image.coupangcdn.com/image/coupang/rds/logo/xhdpi/logo_fresh_medium.png) 4.5 (15813)](https://www.coupang.com/vp/products/202587395?vendorItemId=70298644420&sourceType=srp_also_viewed_item&rmdId=95bed2f69a6f41c0ac5f7d297059c703&eventLabel=recommendation_widget_pc_srp_001&platform=web&rmdABTestInfo=88611_A,14554_C,88610_B,91997_B,91996_B&rmdValue=p9021041693:vt-1.0.0:p202587395 \"목우촌 국내산 소고기 등심 구이용 (냉장), 300g, 1개\")\n*   [![Image 173: 한우맘 한우 안심 1등급 구이용 (냉장), 200g, 1개](https://thumbnail.coupangcdn.com/thumbnails/remote/292x292ex/image/retail/images/423529516559393-06320a28-77d4-4942-81cd-2a492c64ca8a.jpg) 한우맘 한우 안심 1등급 구이용 (냉장), 200g, 1개 **22,780원**(100g당 11,390원) ![Image 174](https://image.coupangcdn.com/image/coupang/rds/logo/xhdpi/logo_fresh_medium.png) 4.5 (248)](https://www.coupang.com/vp/products/8263262064?vendorItemId=90830891267&sourceType=srp_also_viewed_item&rmdId=95bed2f69a6f41c0ac5f7d297059c703&eventLabel=recommendation_widget_pc_srp_001&platform=web&rmdABTestInfo=88611_A,14554_C,88610_B,91997_B,91996_B&rmdValue=p9021041693:vt-1.0.0:p8263262064 \"한우맘 한우 안심 1등급 구이용 (냉장), 200g, 1개\")\n*   [![Image 175: 참연담소 국내산 소고기 안심 구이용 (냉장), 1개, 200g](https://thumbnail.coupangcdn.com/thumbnails/remote/292x292ex/image/retail/images/59039841727083-a21daeea-c910-43c5-ac92-95b35c29d542.JPG) 참연담소 국내산 소고기 안심 구이용 (냉장), 1개, 200g **18,950원**(100g당 9,475원) ![Image 176](https://image.coupangcdn.com/image/coupang/rds/logo/xhdpi/logo_fresh_medium.png) 4.5 (45)](https://www.coupang.com/vp/products/8560722153?vendorItemId=91799279075&sourceType=srp_also_viewed_item&rmdId=95bed2f69a6f41c0ac5f7d297059c703&eventLabel=recommendation_widget_pc_srp_001&platform=web&rmdABTestInfo=88611_A,14554_C,88610_B,91997_B,91996_B&rmdValue=p9021041693:vt-1.0.0:p8560722153 \"참연담소 국내산 소고기 안심 구이용 (냉장), 1개, 200g\")\n*   [![Image 177: 부채살 스테이크 소포장 식단&헬스 미국산 초이스등급, 10개, 200g](https://thumbnail.coupangcdn.com/thumbnails/remote/292x292ex/image/vendor_inventory/ae2a/3f28ecfa4b5dfe76a69f58bad1e4fc22421cb88778dd261a45af81ad8b67.jpg) 부채살 스테이크 소포장 식단&헬스 미국산 초이스등급, 10개, 200g **59,900원**(100g당 2,995원) 4.5 (62)](https://www.coupang.com/vp/products/8799290820?vendorItemId=92610230283&sourceType=srp_also_viewed_item&rmdId=95bed2f69a6f41c0ac5f7d297059c703&eventLabel=recommendation_widget_pc_srp_001&platform=web&rmdABTestInfo=88611_A,14554_C,88610_B,91997_B,91996_B&rmdValue=p9021041693:vt-1.0.0:p8799290820 \"부채살 스테이크 소포장 식단&헬스 미국산 초이스등급, 10개, 200g\")\n*   [![Image 178: 도담우 국내산 채끝 소고기 채끝등심 숙성채끝 채끝스테이크 구이용 (와사비솔트 증정), 5개, 200g](https://thumbnail.coupangcdn.com/thumbnails/remote/292x292ex/image/vendor_inventory/8e55/d60431832548737d68f88587744422c56302e75b651dfc59c2bb47bf3799.jpg) 도담우 국내산 채끝 소고기 채끝등심 숙성채끝 채끝스테이크 구이용 (와사비솔트 증정), 5개, 200g **64,700원**(100g당 6,470원) 5 (12)](https://www.coupang.com/vp/products/8949870036?vendorItemId=94121723436&sourceType=srp_also_viewed_item&rmdId=95bed2f69a6f41c0ac5f7d297059c703&eventLabel=recommendation_widget_pc_srp_001&platform=web&rmdABTestInfo=88611_A,14554_C,88610_B,91997_B,91996_B&rmdValue=p9021041693:vt-1.0.0:p8949870036 \"도담우 국내산 채끝 소고기 채끝등심 숙성채끝 채끝스테이크 구이용 (와사비솔트 증정), 5개, 200g\")\n*   [![Image 179: 한국농수축산 안심 스테이크 청정우 4cm 두께, 1개, 180g](https://thumbnail.coupangcdn.com/thumbnails/remote/292x292ex/image/vendor_inventory/3f6e/064d5e03837d138826c536a044265dd7c25c863f15da3fcbcd94d0d94fe1.png) 한국농수축산 안심 스테이크 청정우 4cm 두께, 1개, 180g **19,800원**(100g당 11,000원) 4.5 (22)](https://www.coupang.com/vp/products/8934205745?vendorItemId=93100425328&sourceType=srp_also_viewed_item&rmdId=95bed2f69a6f41c0ac5f7d297059c703&eventLabel=recommendation_widget_pc_srp_001&platform=web&rmdABTestInfo=88611_A,14554_C,88610_B,91997_B,91996_B&rmdValue=p9021041693:vt-1.0.0:p8934205745 \"한국농수축산 안심 스테이크 청정우 4cm 두께, 1개, 180g\")\n*   [![Image 180: [이겼소] 국내산 냉장 안심 소고기 400g 스테이크용 로스 구이용, 스테이크용 (3센티 전후), 1개](https://thumbnail.coupangcdn.com/thumbnails/remote/292x292ex/image/vendor_inventory/c08c/e265436edb794beaa79f38ed7eb1ec7dde38fb8ee86723d9042c6af26111.png) [이겼소] 국내산 냉장 안심 소고기 400g 스테이크용 로스 구이용, 스테이크용 (3센티 전후), 1개 **23,900원**(100g당 5,975원) 5 (16)](https://www.coupang.com/vp/products/8180828120?vendorItemId=82461924142&sourceType=srp_also_viewed_item&rmdId=95bed2f69a6f41c0ac5f7d297059c703&eventLabel=recommendation_widget_pc_srp_001&platform=web&rmdABTestInfo=88611_A,14554_C,88610_B,91997_B,91996_B&rmdValue=p9021041693:vt-1.0.0:p8180828120 \"[이겼소] 국내산 냉장 안심 소고기 400g 스테이크용 로스 구이용, 스테이크용 (3센티 전후), 1개\")\n\n다음 상품 보기\n\n 오늘의 판매자 특가\n\n_1_/5\n\n*   [![Image 181: [예담우] 소고기 국내산 냉장 안심 스테이크 로스 구이용 캠핑, 4개, 250g](https://static.coupangcdn.com/image/vendor_inventory/fc90/27d26dbd2a1c932fc7ddd4aedeadb4deb6d551144cc38b4a0a69a176fb29.jpg)특가진행중 [예담우] 소고기 국내산 냉장 안심 스테이크 로스 구이용 캠핑, 4개, 250g 와우할인가 12%38,900원 34,110원 (100g당 3,376원) 12/4(목) 도착 예정 무료배송 80%(183) 86% 남음](https://www.coupang.com/vp/products/8703375562?itemId=25274863778&vendorItemId=92270510007&sourceType=SRP_PROMOTION)\n*   [![Image 182: 프리미엄 냉장 살치살 소고기 특수부위 스테이크 구이, 1개, 400g](https://static.coupangcdn.com/image/vendor_inventory/image_audit/advertiser/1751847118605/210b65dc-f2bf-4117-bca0-ee5dc3dc201c.png)특가진행중 프리미엄 냉장 살치살 소고기 특수부위 스테이크 구이, 1개, 400g 와우할인가 18%24,800원 20,140원 (100g당 4,878원) 12/2(화) 도착 예정 무료배송 80%(44) 98% 남음](https://www.coupang.com/vp/products/8605303018?itemId=24954889126&vendorItemId=91960720718&sourceType=SRP_PROMOTION)\n*   [![Image 183: 한우 안심 250g 부드럽고 연한 부위!! 저지방 소고기 안심 스테이크 구이 헬스고기, 2개](https://static.coupangcdn.com/image/vendor_inventory/image_audit/advertiser/1751865629005/6a56d16f-f8f5-4d00-88ec-c35d79b8b56d.jpg)특가진행중 한우 안심 250g 부드럽고 연한 부위!! 저지방 소고기 안심 스테이크 구이 헬스고기, 2개 와우할인가 54%97,600원 44,160원 (100g당 8,832원) 12/2(화) 도착 예정 무료배송 80%(37) 99% 남음](https://www.coupang.com/vp/products/8055212548?itemId=23520340550&vendorItemId=90546690088&sourceType=SRP_PROMOTION)\n*   [![Image 184: 국내산 소고기 부채살 스테이크 150g x 8팩 1.2kg 고단백 식단 육우 캠핑음식, 8개](https://static.coupangcdn.com/image/vendor_inventory/eafc/aa12350c0e28d5bacf9e39b60dea140bd8efca6c78ea51be892370c0792d.png)특가진행중 국내산 소고기 부채살 스테이크 150g x 8팩 1.2kg 고단백 식단 육우 캠핑음식, 8개 와우할인가 40%69,000원 40,770원 (100g당 3,398원) 12/2(화) 도착 예정 무료배송 90%(12) 99% 남음](https://www.coupang.com/vp/products/8678717674?itemId=25193433273&vendorItemId=92190014538&sourceType=SRP_PROMOTION)\n*   [![Image 185: [진천축협]보드런 숙성 한우(암소) 안심 250g 1+등급, 선물포장백 추가, 1개](https://static.coupangcdn.com/image/vendor_inventory/011d/64cf8e448e3d5ff3410d553f724fe587da1ed33afd581bc58fd00e32af81.jpg)특가진행중 [진천축협]보드런 숙성 한우(암소) 안심 250g 1+등급, 선물포장백 추가, 1개 와우할인가 57%96,000원 40,480원 (100g당 16,192원) 12/2(화) 도착 예정 무료배송 99% 남음](https://www.coupang.com/vp/products/8248196036?itemId=23742377556&vendorItemId=90766971405&sourceType=SRP_PROMOTION)\n*   [![Image 186: 베스트밀 호주산 소고기 토시살 구이용 900g (300g x 3팩) 개별포장 스테이크 로스구이, 300g, 3개](https://static.coupangcdn.com/image/vendor_inventory/dac2/7bb004255ee7187f48366074a2f28ab763a8fd2609460a186a004e4df13e.jpg)특가진행중 베스트밀 호주산 소고기 토시살 구이용 900g (300g x 3팩) 개별포장 스테이크 로스구이, 300g, 3개 와우할인가 50%39,000원 19,260원 (100g당 2,118원) 12/2(화) 도착 예정 무료배송 80%(126) 99% 남음](https://www.coupang.com/vp/products/8487680223?itemId=24564936335&vendorItemId=91577054159&sourceType=SRP_PROMOTION)\n*   [![Image 187: 명품한우금오 1등급 한우 안심 500g 구이용, 1개](https://static.coupangcdn.com/image/vendor_inventory/image_audit/stage/manual/efb23f726130d3a1bdb6ead3f5a97af74f40c4a57a72f26e6fcb80cce4da_1757987492851.jpg)특가진행중 명품한우금오 1등급 한우 안심 500g 구이용, 1개 와우할인가 23%79,000원 60,230원 (100g당 12,046원) 12/2(화) 도착 예정 무료배송 90%(67) 99% 남음](https://www.coupang.com/vp/products/5954342894?itemId=10653827938&vendorItemId=77934691358&sourceType=SRP_PROMOTION)\n*   [![Image 188: (냉장/암소)[명품한우금오] 한우 1등급 안심 250g, 1개](https://static.coupangcdn.com/image/vendor_inventory/image_audit/stage/manual/f986399661dc1747cdb06c1739e2ee00412914ff1a1aa0a44d1d2ef56df8_1758007893513.png)특가진행중 (냉장/암소)[명품한우금오] 한우 1등급 안심 250g, 1개 와우할인가 12%37,000원 32,220원 (100g당 12,756원) 12/2(화) 도착 예정 무료배송 80%(4) 99% 남음](https://www.coupang.com/vp/products/6135977279?itemId=11733788664&vendorItemId=79007739500&sourceType=SRP_PROMOTION)\n*   [![Image 189: 한우 대패 등심 200g 미친 마블링 국내산 육즙가득 대패등심 소고기 스테이크 구이 200g, (한우 대패 등심)200g, 1개](https://static.coupangcdn.com/image/vendor_inventory/d2c6/6763f9ca6095312aa9497aec63120915bbe7225162f006bf3dfbbabbd4a4.jpg)특가진행중 한우 대패 등심 200g 미친 마블링 국내산 육즙가득 대패등심 소고기 스테이크 구이 200g, (한우 대패 등심)200g, 1개 와우할인가 41%25,400원 14,760원 (100g당 7,380원) 12/2(화) 도착 예정 무료배송 60%(2) 99% 남음](https://www.coupang.com/vp/products/8190794780?itemId=23439084972&vendorItemId=90465954225&sourceType=SRP_PROMOTION)\n*   [![Image 190: 농협안심한우) 한우암소 1등급이상 양지 국거리 장조림용 (냉장), 300g, 1개](https://static.coupangcdn.com/image/vendor_inventory/image_audit/stage/manual/54144b94ae687e8fa548f99e774ecbcdec387e7529317bd5147ae23b0365_1753070738897.jpg)특가진행중 농협안심한우) 한우암소 1등급이상 양지 국거리 장조림용 (냉장), 300g, 1개 와우할인가 28%33,000원 23,510원 (100g당 7,837원) 12/2(화) 도착 예정 무료배송 100%(27) 99% 남음](https://www.coupang.com/vp/products/8986962052?itemId=26319325619&vendorItemId=92931424625&sourceType=SRP_PROMOTION)\n*   [![Image 191: [무료배송/당일출고] 정육생활 최현석의 차돌박이 구이용 200g, 10개](https://static.coupangcdn.com/image/vendor_inventory/61c9/e1df7629b12b91f5ab64b0428007195124aed782728263dc23e648e2a156.jpg)특가진행중 [무료배송/당일출고] 정육생활 최현석의 차돌박이 구이용 200g, 10개 와우할인가 28%90,000원 64,500원 (100g당 3,193원) 12/3(수) 도착 예정 무료배송 90%(94) 99% 남음](https://www.coupang.com/vp/products/8248589363?itemId=16543772569&vendorItemId=83730387088&sourceType=SRP_PROMOTION)\n*   [![Image 192: 청년고기 소고기 안심 스테이크 큐브 찹스테이크 150g 200g 소포장 호주산 청정우 곡물사육, 호주산 안심 스테이크 150g, 5개](https://static.coupangcdn.com/image/vendor_inventory/image_audit/stage/manual/4d7e6ae3ff6eab0e51bb12fe3315cb140d96b517e5ed7e3ca7746f4b2b6f_1752632210618.jpg)특가진행중 청년고기 소고기 안심 스테이크 큐브 찹스테이크 150g 200g 소포장 호주산 청정우 곡물사육, 호주산 안심 스테이크 150g, 5개 와우할인가 21%64,500원 50,760원 (100g당 6,768원) 12/2(화) 도착 예정 무료배송 90%(552) 95% 남음](https://www.coupang.com/vp/products/6771752767?itemId=23520413451&vendorItemId=90546762062&sourceType=SRP_PROMOTION)\n*   [![Image 193: 육즙가득 미친 마블링의 향연! 국내산 일품 등심 소고기 스테이크 구이 200g, 1개, (국내산 일품 꽃등심)200g](https://static.coupangcdn.com/image/vendor_inventory/e7ce/bbd8ba4dd7f8925cf7921bd517508b452aeb9450ac362d4b729bf70070b5.jpg)특가진행중 육즙가득 미친 마블링의 향연! 국내산 일품 등심 소고기 스테이크 구이 200g, 1개, (국내산 일품 꽃등심)200g 와우할인가 59%39,800원 16,160원 (100g당 7,995원) 12/2(화) 도착 예정 무료배송 80%(192) 99% 남음](https://www.coupang.com/vp/products/7996792540?itemId=22247824837&vendorItemId=89293606128&sourceType=SRP_PROMOTION)\n*   [![Image 194: [정미트] 최상급 프라임 냉장 살치살, 1kg, 1개](https://static.coupangcdn.com/image/vendor_inventory/d224/9ec5a3942ad8c8a6de67b4e651d25653665a60891a2f4e4186bac04b542a.jpeg)특가진행중 [정미트] 최상급 프라임 냉장 살치살, 1kg, 1개 와우할인가 31%70,000원 47,610원 (100g당 4,761원) 12/2(화) 도착 예정 무료배송 90%(450) 92% 남음](https://www.coupang.com/vp/products/6106670759?itemId=11481198169&vendorItemId=90576663105&sourceType=SRP_PROMOTION)\n*   [![Image 195: 미쓰하누 한우안심 1++등급 한우 200g 냉장 구이용 스테이크용, 1++한우 안심, 2개](https://static.coupangcdn.com/image/vendor_inventory/02ae/fbfe676bc959bf6b6ab93570dd87d925114580886f5eee70948d84419a1d.jpg)특가진행중 미쓰하누 한우안심 1++등급 한우 200g 냉장 구이용 스테이크용, 1++한우 안심, 2개 와우할인가 23%82,000원 62,370원 (100g당 15,593원) 12/2(화) 도착 예정 무료배송 90%(138) 84% 남음](https://www.coupang.com/vp/products/6466016208?itemId=24366173899&vendorItemId=79448898490&sourceType=SRP_PROMOTION)\n*   [![Image 196: 소고기 숙성 한우 꽃등심 구이 육즙가득 마블링 스테이크 1kg 실속포장, 1개, 한우 꽃등심 1kg](https://static.coupangcdn.com/image/vendor_inventory/9199/f2fe256f30343e3f68a0e5ce3fb5ecc265bd221abeba23f67e6ad61f5ed1.jpg)특가진행중 소고기 숙성 한우 꽃등심 구이 육즙가득 마블링 스테이크 1kg 실속포장, 1개, 한우 꽃등심 1kg 와우할인가 52%149,800원 71,880원 (100g당 7,188원) 12/2(화) 도착 예정 무료배송 100%(8) 99% 남음](https://www.coupang.com/vp/products/7870013021?itemId=21496801500&vendorItemId=88550601516&sourceType=SRP_PROMOTION)\n*   [![Image 197: 엄마네한우 1++등급 한우 안심 200g 1팩, 1개](https://static.coupangcdn.com/image/vendor_inventory/image_audit/stage/manual/67aa63fef98db7a5bfc612ca58d236f6dc0e932c4114a7b809b85ace833c_1752200993516.jpg)특가진행중 엄마네한우 1++등급 한우 안심 200g 1팩, 1개 와우할인가 33%57,070원 37,900원 (100g당 18,950원) 12/2(화) 도착 예정 무료배송 90%(5) 99% 남음](https://www.coupang.com/vp/products/6235263391?itemId=12553833213&vendorItemId=79822156227&sourceType=SRP_PROMOTION)\n*   [![Image 198: 도축장집아들들 초신선 1++한우 새우살 프리미엄 소고기200g (26700원/100g당), 1개, 200g](https://static.coupangcdn.com/image/vendor_inventory/image_audit/stage/manual/07e6107f4fc54ecfb1550bbe6ea4fb3bc7c863ccc8b093d30610ae91c931_1758073512862.png)특가진행중 도축장집아들들 초신선 1++한우 새우살 프리미엄 소고기200g (26700원/100g당), 1개, 200g 와우할인가 20%57,400원 45,920원 (100g당 22,730원) 12/2(화) 도착 예정 무료배송 60%(2) 99% 남음](https://www.coupang.com/vp/products/8965997102?itemId=26238606096&vendorItemId=93217350972&sourceType=SRP_PROMOTION)\n*   [![Image 199: 한우 저지방 등심1kg 국내산 후회없는 선택! 마블링 가득한 소고기 한우 등심 스테이크 구이 1kg, 1개, 1kg](https://static.coupangcdn.com/image/vendor_inventory/e647/765952f37555af9ca03666917e4a7d4ded9ca5df2adc3f5543f7743af64d.jpg)특가진행중 한우 저지방 등심1kg 국내산 후회없는 선택! 마블링 가득한 소고기 한우 등심 스테이크 구이 1kg, 1개, 1kg 와우할인가 4%62,790원 59,930원 (100g당 5,933원) 12/2(화) 도착 예정 무료배송 80%(13) 99% 남음](https://www.coupang.com/vp/products/8223105862?itemId=23641050764&vendorItemId=90666462742&sourceType=SRP_PROMOTION)\n*   [![Image 200: 올컷팅 뼈등심 돈마호크, 1세트, 1kg](https://static.coupangcdn.com/image/vendor_inventory/image_audit/stage/manual/9bb1d5ed61329c605bd91b5affef3ccfefc6a82a3b65ac0020f881470075_1755156738409.jpg)특가진행중 올컷팅 뼈등심 돈마호크, 1세트, 1kg 와우할인가 41%29,000원 17,010원 (100g당 1,701원) 12/3(수) 도착 예정 무료배송 100%(40) 99% 남음](https://www.coupang.com/vp/products/8826925162?itemId=25722385130&vendorItemId=92711108016&sourceType=SRP_PROMOTION)\n\n[이전 상품 보기](https://www.coupang.com/np/search?q=%EA%B5%AD%EB%82%B4%EC%82%B0%EC%9C%A1%EC%9A%B0%EC%95%88%EC%8B%AC%EC%8A%A4%ED%85%8C%EC%9D%B4%ED%81%AC%20%ED%8C%90%EB%A7%A4%20%EC%83%81%ED%92%88# \"이전 상품 보기\")[다음 상품 보기](https://www.coupang.com/np/search?q=%EA%B5%AD%EB%82%B4%EC%82%B0%EC%9C%A1%EC%9A%B0%EC%95%88%EC%8B%AC%EC%8A%A4%ED%85%8C%EC%9D%B4%ED%81%AC%20%ED%8C%90%EB%A7%A4%20%EC%83%81%ED%92%88# \"다음 상품 보기\")\n\n[회사소개](https://news.coupang.com/)[Investor Relations](https://ir.aboutcoupang.com/overview/default.aspx)[인재채용](https://rocketyourcareer.kr.coupang.com/)[입점/제휴문의](https://marketplace.coupangcorp.com/s/?utm_source=button_pc&utm_medium=non_paid&utm_campaign=onsite_ca&utm_id=coupang_app?inflow=WEB_FOOTER_B)[공지사항](https://mc.coupang.com/ssr/desktop/contact/notice)[고객의 소리](https://mc.coupang.com/ssr/desktop/contact/voc)[이용약관](https://www.coupang.com/np/policies/terms)[**개인정보 처리방침**](https://privacy.coupang.com/ko/center/coupang)[정보보호/개인정보보호 인증](https://privacy.coupang.com/ko/security/status)[쿠팡페이 이용약관](https://rocketpay.coupang.com/rocketpay/operationTerms/coupangPcFooter)[신뢰관리센터](https://www.coupang.com/np/safety)[제휴마케팅](https://partners.coupang.com/)[광고안내](https://ads.coupang.com/)\n\nGlobal Site\n\n*   [Coupang Taiwan 酷澎台灣](https://www.tw.coupang.com/)\n\n[![Image 201](https://front.coupangcdn.com/front-web-next/_next/static/media/logo.f2c4ccb2.png)](https://www.coupang.com/ \"COUPANG\")\n\n상호명 및 호스팅 서비스 제공 : 쿠팡(주) \n\n 대표이사 : 박대준 \n\n 서울시 송파구 송파대로 570 \n\n 사업자 등록번호 : 120-88-00767 \n\n 통신판매업신고 : 2017-서울송파-0680 \n\n[사업자정보 확인 >](http://www.ftc.go.kr/info/bizinfo/communicationViewPopup.jsp?wrkr_no=1208800767)\n\n[**365고객센터** | 전자금융거래분쟁처리담당 _1577-7011 (유료)_ 서울시 송파구 송파대로 570 email : help@coupang.com](https://mc.coupang.com/ssr/desktop/contact/inquiry)\n\n**채무지급보증 안내**\n\n 당사는 고객님이 현금 결제한 금액에 대해 \n\n 채무지급보증 계약을 체결하여 \n\n 안전거래를 보장하고 있습니다. \n\n[서비스 가입사실 확인 >](https://www.coupang.com/np/etc/popWooriService)\n\n![Image 202](https://front.coupangcdn.com/front-web-next/_next/static/media/5.73affd35.png)\n\n![Image 203](https://front.coupangcdn.com/front-web-next/_next/static/media/6.901d77a5.png)\n\n사이버몰 내 판매되는 상품 중에는 쿠팡에 등록한 개별 판매자가 판매하는 마켓플레이스(오픈마켓) 상품이 포함되어 있습니다. \n\n 마켓플레이스(오픈마켓) 상품의 경우 쿠팡은 통신판매중개자이며 통신판매의 당사자가 아닙니다. \n\n 쿠팡은 마켓플레이스(오픈마켓) 상품, 거래정보 및 거래 등에 대하여 책임을 지지 않습니다. \n\n 쿠팡은 소비자 보호와 안전거래를 위해 신뢰관리센터(CM112@coupang.com)를 운영하고 있으며, 관련 분쟁이 발생할 경우 별도의 분쟁 처리절차에 의거 분쟁이 처리됩니다. \n\n Copyright © Coupang Corp. 2010-2025 All Rights Reserved.\n\n*   [![Image 204](https://front.coupangcdn.com/front-web-next/_next/static/media/f.34bde318.png)](https://www.facebook.com/Coupang.korea)\n*   [![Image 205](https://front.coupangcdn.com/front-web-next/_next/static/media/b.637cda1c.png)](https://news.coupang.com/)\n*   [![Image 206](https://front.coupangcdn.com/front-web-next/_next/static/media/s.a7aca4ea.png)](https://www.instagram.com/coupang)"
      },
      {
        "platform": "coupang",
        "title": "횡성한우 터프 스테이크 우둔 설도 1++ 등급 스테이크용 (냉장)",
        "url": "https://www.coupang.com/vp/products/6055548317",
        "snippet": "현재 별점 4.6점, 리뷰 306개를 가진 횡성 한우 터프 스테이크 우둔 설도 1++ 등급 스테이크용 (냉장)! 지금 쿠팡에서 더 저렴하고 다양한 특수부위 제품들을 확인해보세요.",
        "score": 0.4617697,
        "timestamp": "2025-11-29T02:23:22.759318",
        "raw_content": null
      },
      {
        "platform": "coupang",
        "title": "[제동한우] 제동한우 등심 스테이크용 구이용 - 등심 | 쿠팡",
        "url": "https://www.coupang.com/vp/products/7525295567",
        "snippet": "[제동 한우 ] 제동 한우 등심 스테이크용 구이용 원산지: 상품 상세설명 참조 중량 × 축산물 등급 × 수량:300g × 1+등급 구이용 × 1개",
        "score": 0.43438992,
        "timestamp": "2025-11-29T02:23:22.759320",
        "raw_content": null
      },
      {
        "platform": "coupang",
        "title": "쿠팡이 추천하는 채끝살 관련 혜택과 특가",
        "url": "https://www.coupang.com/np/search?q=%EC%B1%84%EB%81%9D%EC%82%B4",
        "snippet": "Image 142: 육교시 한우 1등급 숙성등심 스테이크용 (냉장), 200g, 1개 육교시 한우 1등급 숙성등심 스테이크용 (냉장), 200g, 1개 15,890원(100g당 7,945원) Image 143 4.5 (832), 200g, 1개\")\n   Image 144: 푸드랩플러스 호주산 곡물 살치살 스테이크 (냉장), 400g, 1개 푸드랩플러스 호주산 곡물 살치살 스테이크 (냉장), 400g, 1개 18,260원(100g당 4,565원) Image 145 4.5 (10711), 400g, 1개\")\n   Image 146: 다맛나go 시즈닝 채끝 스테이크 (냉장), 300g, 2개 다맛나go 시즈닝 채끝 스테이크 (냉장), 300g, 2개 23,280원(100g당 3,880원) Image 147 4.5 (86), 300g, 2개\") [...] Image 106: 호주산 채끝 스테이크용 (냉장), 220g, 2개 호주산 채끝 스테이크용 (냉장), 220g, 2개 ~~38,000원~~ 41% 22,290원 (100g당 5,066원) Image 107 오늘(토) 도착 보장 4.5 (305)\n   Image 108: 목우촌 국내산 소고기 채끝 구이용 (냉장), 200g, 6개 목우촌 국내산 소고기 채끝 구이용 (냉장), 200g, 6개 ~~155,940원~~ 50% 76,640원 (100g당 6,387원) Image 109 오늘(토) 도착 보장 4.5 (624)\n   Image 110: 녹진한우 한우 채끝 1등급 구이용 (냉장), 2개, 200g 녹진한우 한우 채끝 1등급 구이용 (냉장), 2개, 200g ~~59,800원~~ 48% 30,880원 (100g당 7,720원) 12/4(목) 도착 예정 무료배송 4.5 (15) [...] Image 153: 농협안심한우 숙성등심 1등급 구이용 (냉장), 200g, 1개 농협안심한우 숙성등심 1등급 구이용 (냉장), 200g, 1개 15,890원(100g당 7,945원) Image 154 4.5 (6038), 200g, 1개\")\n   Image 155: 한국농수축산 한우 1등급 소고기 채끝 스테이크 구이용 (냉장), 1개, 250g 한국농수축산 한우 1등급 소고기 채끝 스테이크 구이용 (냉장), 1개, 250g 27,400원(100g당 10,960원) 5 (15), 1개, 250g\")\n   Image 156: 1++ 최고급 투뿔 한우 모듬세트 500g 부채살 채끝 특수부위 구이용 소고기, 1개 1++ 최고급 투뿔 한우 모듬세트 500g 부채살 채끝 특수부위 구이용 소고기, 1개 39,800원(100g당 7,960원) 4.5 (438)",
        "score": 0.43237552,
        "timestamp": "2025-11-29T02:23:22.759321",
        "raw_content": "쿠팡이 추천하는 채끝살 관련 혜택과 특가\n\n===============\n\n[![Image 1](https://static.coupangcdn.com/ea/cmg_paperboy/image/1646271114206/C0-Left_basic.jpg)](https://www.coupang.com/np/campaigns/82?adType=DA&eventId=SUL3Efowgt4IesGj)[![Image 2](https://static.coupangcdn.com/ya/cmg_paperboy/image/1764139787980/C0.jpg)](https://pages.coupang.com/p/157429?adType=DA&eventId=1dTr55UqkBlezdtY)\n\n[X](https://www.coupang.com/np/search?q=%EC%B1%84%EB%81%9D%EC%82%B4)\n\n*   [판매자 가입](https://wing.coupang.com/tenants/vendor-signup/signup?utm_source=button_pc_coupang_app_category_3&utm_medium=non_paid&utm_id=onsite_ca&utm_content=20240328)\n*   [고객센터](https://mc.coupang.com/ssr/desktop/contact/faq)\n[자주묻는 질문](https://mc.coupang.com/ssr/desktop/contact/faq)[1:1 채팅문의](https://mc.coupang.com/ssr/desktop/contact/inquiry)[고객의 소리](https://mc.coupang.com/ssr/desktop/contact/voc)[취소 / 반품 안내](https://www.coupang.com/returnPolicy.pang)\n\n*   [회원가입](https://login.coupang.com/login/memberJoinFrm.pang \"회원가입\")\n*   [로그인](https://login.coupang.com/login/login.pang?rtnUrl=https%3A%2F%2Fwww.coupang.com%2Fnp%2Fpost%2Flogin%3Fr%3Dhttp%253A%252F%252Fwww.coupang.com%252Fnp%252Fsearch%253Fq%253D%2525EC%2525B1%252584%2525EB%252581%25259D%2525EC%252582%2525B4 \"로그인\")\n*   [즐겨찾기](https://www.coupang.com/np/search?q=%EC%B1%84%EB%81%9D%EC%82%B4)\n*   [입점신청](https://www.coupang.com/np/search?q=%EC%B1%84%EB%81%9D%EC%82%B4)\n[오픈마켓](https://marketplace.coupangcorp.com/s/?utm_source=button_pc&utm_medium=non_paid&utm_campaign=onsite_ca&utm_id=coupang_app)[여행·티켓](https://with.coupang.com/contract/initialize)[로켓배송](https://supplier.coupang.com/welcome/join)[제휴마케팅](https://partners.coupang.com/)[로켓그로스](https://sell.coupang.com/?utm_source=web_button_pc_rg&utm_medium=referral&utm_campaign=onsite_lead&utm_id=coupang_web?inflow=WEB_HEADER_B)\n\n.\n\n카테고리\n\n쇼핑\n\n티켓\n\n테마관\n\n*   [입점/판매 신청](https://wing.coupang.com/tenants/vendor-signup/signup?utm_source=button_pc_coupang_app_category_3&utm_medium=non_paid&utm_id=onsite_ca&utm_content=20240328)\n\n[![Image 3: Coupang](https://image7.coupangcdn.com/image/coupang/common/logo_coupang_w350.png)](https://www.coupang.com/)\n\n[전체](https://www.coupang.com/np/search?q=%EC%B1%84%EB%81%9D%EC%82%B4)\n\n전체삭제 최근검색어끄기\n\n[](https://www.coupang.com/np/search?q=%EC%B1%84%EB%81%9D%EC%82%B4)![Image 4](https://front.coupangcdn.com/front-web-next/_next/static/media/search.85cd3dbf.png)\n*   [![Image 5](https://front.coupangcdn.com/front-web-next/_next/static/media/person.07e45e52.png)마이쿠팡](https://mc.coupang.com/ssr/desktop/order/list)\n[주문목록](https://mc.coupang.com/ssr/desktop/order/list)[취소/반품](https://mc.coupang.com/ssr/desktop/cancel-return-exchange/list)[찜 리스트](https://wish-web.coupang.com/wishInitView.pang)\n\n*   [![Image 6](https://front.coupangcdn.com/front-web-next/_next/static/media/cart.ccef8f9e.png)_0_ 장바구니](https://cart.coupang.com/cartView.pang)\n\n  \n\n    *   장바구니에 담긴 상품이 없습니다.\n\n[장바구니 전체보기](https://cart.coupang.com/cartView.pang)\n\n[](https://www.coupang.com/np/search?q=%EC%B1%84%EB%81%9D%EC%82%B4)\n\n*   [![Image 7: 쿠팡플레이](https://image.coupangcdn.com/image/coupang/home/icons/web/kr/coupang-play.png)쿠팡플레이](https://www.coupangplay.com/catalog)\n*   [![Image 8: 로켓배송](https://image.coupangcdn.com/image/coupang/home/icons/web/kr/rocket-delivery.png)로켓배송](https://www.coupang.com/np/campaigns/82)\n*   [![Image 9: 로켓프레시](https://image.coupangcdn.com/image/coupang/home/icons/web/kr/rocket-fresh.png)로켓프레시](https://www.coupang.com/np/categories/393760)\n*   [![Image 10: 크리스마스](https://image.coupangcdn.com/image/coupang/home/icons/Christmas/Christmas_PC_2025.png)크리스마스](https://pages.coupang.com/p/158677)\n*   [![Image 11: 다시 구매](https://image.coupangcdn.com/image/coupang/common/fbi_icon_3x.png)다시 구매](https://www.coupang.com/np/fbi?sourceType=home_section_fbi)\n*   [![Image 12: 쿠팡비즈](https://image.coupangcdn.com/image/coupang/home/icons/web/kr/biz.png)쿠팡비즈](https://login.coupang.com/corporation/member/landing-page)\n*   [![Image 13: 로켓직구](https://image.coupangcdn.com/image/coupang/home/icons/web/kr/oversea-delivery.png)로켓직구](https://www.coupang.com/np/coupangglobal)\n*   [![Image 14: 골드박스](https://image.coupangcdn.com/image/coupang/home/icons/web/kr/gold-box.png)골드박스](https://pages.coupang.com/p/121237?sourceType=gm_crm_goldbox&subSourceType=gm_crm_gwsrtcut)\n*   [![Image 15: 이달의신상](https://image.coupangcdn.com/image/coupang/home/icons/web/kr/new-item-of-month.png)이달의신상](https://pages.coupang.com/p/136938)\n*   [![Image 16: 판매자특가](https://image.coupangcdn.com/image/coupang/home/icons/web/kr/omp.png)판매자특가](https://www.coupang.com/np/omp)\n*   [![Image 17: 와우회원할인](https://image.coupangcdn.com/image/coupang/home/icons/web/kr/wow.png)와우회원할인](https://www.coupang.com/np/campaigns/83)\n*   [![Image 18: 이벤트/쿠폰](https://image.coupangcdn.com/image/coupang/home/icons/web/kr/benefit.png)이벤트/쿠폰](https://www.coupang.com/np/coupangbenefit)\n*   [![Image 19: 반품마켓](https://image.coupangcdn.com/image/coupang/home/icons/web/kr/returned-market.png)반품마켓](https://pages.coupang.com/p/54908)\n*   [![Image 20: 착한상점](https://image.coupangcdn.com/image/coupang/home/icons/web/kr/sustainable-market.png)착한상점](https://pages.coupang.com/p/63240)\n*   [![Image 21: 기획전](https://image.coupangcdn.com/image/coupang/home/icons/web/kr/event.png)기획전](https://pages.coupang.com/p/bep?sourceType=gm_crm_oms&subSourceType=gm_crm_gwsrtcut)\n*   [![Image 22: 쿠팡트래블](https://image.coupangcdn.com/image/coupang/home/icons/web/kr/travel.png)쿠팡트래블](https://trip.coupang.com/?channel=gnb)\n*   [![Image 23: 입점신청](https://image.coupangcdn.com/image/coupang/home/icons/web/kr/sell-on-coupang.png)입점신청](https://wing.coupang.com/tenants/vendor-signup/signup?utm_source=button_pc_coupang_shortcut_1&utm_medium=non_paid&utm_id=onsite_ca&utm_content=202411)\n\n[](https://www.coupang.com/np/search?q=%EC%B1%84%EB%81%9D%EC%82%B4)\n\n[전체](https://www.coupang.com/np/search?q=%EC%B1%84%EB%81%9D%EC%82%B4#)\n*   [전체](https://www.coupang.com/np/search?q=%EC%B1%84%EB%81%9D%EC%82%B4#)\n\n전체삭제 최근검색어끄기\n\n[](https://www.coupang.com/np/search?q=%EC%B1%84%EB%81%9D%EC%82%B4)![Image 24](https://front.coupangcdn.com/front-web-next/_next/static/media/search.85cd3dbf.png)\n\n[채끝살스테이크](https://www.coupang.com/np/search?q=%EC%B1%84%EB%81%9D%EC%82%B4%EC%8A%A4%ED%85%8C%EC%9D%B4%ED%81%AC&channel=undefined \"채끝살스테이크\")[시즈닝스테이크국산](https://www.coupang.com/np/search?q=%EC%8B%9C%EC%A6%88%EB%8B%9D%EC%8A%A4%ED%85%8C%EC%9D%B4%ED%81%AC%EA%B5%AD%EC%82%B0&channel=undefined \"시즈닝스테이크국산\")[소고기](https://www.coupang.com/np/search?q=%EC%86%8C%EA%B3%A0%EA%B8%B0&channel=undefined \"소고기\")[스테이크](https://www.coupang.com/np/search?q=%EC%8A%A4%ED%85%8C%EC%9D%B4%ED%81%AC&channel=undefined \"스테이크\")[숙성이야기](https://www.coupang.com/np/search?q=%EC%88%99%EC%84%B1%EC%9D%B4%EC%95%BC%EA%B8%B0&channel=undefined \"숙성이야기\")[한우](https://www.coupang.com/np/search?q=%ED%95%9C%EC%9A%B0&channel=undefined \"한우\")[채끝](https://www.coupang.com/np/search?q=%EC%B1%84%EB%81%9D&channel=undefined \"채끝\")[소고기구이용](https://www.coupang.com/np/search?q=%EC%86%8C%EA%B3%A0%EA%B8%B0%EA%B5%AC%EC%9D%B4%EC%9A%A9&channel=undefined \"소고기구이용\")[한우구이용](https://www.coupang.com/np/search?q=%ED%95%9C%EC%9A%B0%EA%B5%AC%EC%9D%B4%EC%9A%A9&channel=undefined \"한우구이용\")[채끝살](https://www.coupang.com/np/search?q=%EC%B1%84%EB%81%9D%EC%82%B4&channel=undefined \"채끝살\")\n\n[](https://www.coupang.com/np/search?q=%EC%B1%84%EB%81%9D%EC%82%B4)\n\n*   [![Image 25: 쿠팡플레이](https://image.coupangcdn.com/image/coupang/home/icons/web/kr/coupang-play.png)쿠팡플레이](https://www.coupangplay.com/catalog)\n*   [![Image 26: 로켓배송](https://image.coupangcdn.com/image/coupang/home/icons/web/kr/rocket-delivery.png)로켓배송](https://www.coupang.com/np/campaigns/82)\n*   [![Image 27: 로켓프레시](https://image.coupangcdn.com/image/coupang/home/icons/web/kr/rocket-fresh.png)로켓프레시](https://www.coupang.com/np/categories/393760)\n*   [![Image 28: 크리스마스](https://image.coupangcdn.com/image/coupang/home/icons/Christmas/Christmas_PC_2025.png)크리스마스](https://pages.coupang.com/p/158677)\n*   [![Image 29: 다시 구매](https://image.coupangcdn.com/image/coupang/common/fbi_icon_3x.png)다시 구매](https://www.coupang.com/np/fbi?sourceType=home_section_fbi)\n*   [![Image 30: 쿠팡비즈](https://image.coupangcdn.com/image/coupang/home/icons/web/kr/biz.png)쿠팡비즈](https://login.coupang.com/corporation/member/landing-page)\n*   [![Image 31: 로켓직구](https://image.coupangcdn.com/image/coupang/home/icons/web/kr/oversea-delivery.png)로켓직구](https://www.coupang.com/np/coupangglobal)\n*   [![Image 32: 골드박스](https://image.coupangcdn.com/image/coupang/home/icons/web/kr/gold-box.png)골드박스](https://pages.coupang.com/p/121237?sourceType=gm_crm_goldbox&subSourceType=gm_crm_gwsrtcut)\n*   [![Image 33: 이달의신상](https://image.coupangcdn.com/image/coupang/home/icons/web/kr/new-item-of-month.png)이달의신상](https://pages.coupang.com/p/136938)\n*   [![Image 34: 판매자특가](https://image.coupangcdn.com/image/coupang/home/icons/web/kr/omp.png)판매자특가](https://www.coupang.com/np/omp)\n*   [![Image 35: 와우회원할인](https://image.coupangcdn.com/image/coupang/home/icons/web/kr/wow.png)와우회원할인](https://www.coupang.com/np/campaigns/83)\n*   [![Image 36: 이벤트/쿠폰](https://image.coupangcdn.com/image/coupang/home/icons/web/kr/benefit.png)이벤트/쿠폰](https://www.coupang.com/np/coupangbenefit)\n*   [![Image 37: 반품마켓](https://image.coupangcdn.com/image/coupang/home/icons/web/kr/returned-market.png)반품마켓](https://pages.coupang.com/p/54908)\n*   [![Image 38: 착한상점](https://image.coupangcdn.com/image/coupang/home/icons/web/kr/sustainable-market.png)착한상점](https://pages.coupang.com/p/63240)\n*   [![Image 39: 기획전](https://image.coupangcdn.com/image/coupang/home/icons/web/kr/event.png)기획전](https://pages.coupang.com/p/bep?sourceType=gm_crm_oms&subSourceType=gm_crm_gwsrtcut)\n*   [![Image 40: 쿠팡트래블](https://image.coupangcdn.com/image/coupang/home/icons/web/kr/travel.png)쿠팡트래블](https://trip.coupang.com/?channel=gnb)\n*   [![Image 41: 입점신청](https://image.coupangcdn.com/image/coupang/home/icons/web/kr/sell-on-coupang.png)입점신청](https://wing.coupang.com/tenants/vendor-signup/signup?utm_source=button_pc_coupang_shortcut_1&utm_medium=non_paid&utm_id=onsite_ca&utm_content=202411)\n\n[](https://www.coupang.com/np/search?q=%EC%B1%84%EB%81%9D%EC%82%B4)\n\n[장바구니 _0_](https://cart.coupang.com/cartView.pang)\n\n최근본상품 _0_\n\n*   최근본 상품이\n\n없습니다.\n\n/[prev](https://www.coupang.com/np/%EC%9D%B4%EC%A0%84%20%ED%8E%98%EC%9D%B4%EC%A7%80%20%EB%B3%B4%EA%B8%B0)[next](https://www.coupang.com/np/%EB%8B%A4%EC%9D%8C%20%ED%8E%98%EC%9D%B4%EC%A7%80%20%EB%B3%B4%EA%B8%B0)\n\n[![Image 42: Coupang](https://image7.coupangcdn.com/image/coupang/common/logo_coupang_w350.png)](https://www.coupang.com/)\n\n[전체](https://www.coupang.com/np/search?q=%EC%B1%84%EB%81%9D%EC%82%B4)\n\n전체삭제 최근검색어끄기\n\n[](https://www.coupang.com/np/search?q=%EC%B1%84%EB%81%9D%EC%82%B4)![Image 43](https://front.coupangcdn.com/front-web-next/_next/static/media/search.85cd3dbf.png)\n\n[채끝살스테이크](https://www.coupang.com/np/search?q=%EC%B1%84%EB%81%9D%EC%82%B4%EC%8A%A4%ED%85%8C%EC%9D%B4%ED%81%AC&channel=undefined \"채끝살스테이크\")[시즈닝스테이크국산](https://www.coupang.com/np/search?q=%EC%8B%9C%EC%A6%88%EB%8B%9D%EC%8A%A4%ED%85%8C%EC%9D%B4%ED%81%AC%EA%B5%AD%EC%82%B0&channel=undefined \"시즈닝스테이크국산\")[소고기](https://www.coupang.com/np/search?q=%EC%86%8C%EA%B3%A0%EA%B8%B0&channel=undefined \"소고기\")[스테이크](https://www.coupang.com/np/search?q=%EC%8A%A4%ED%85%8C%EC%9D%B4%ED%81%AC&channel=undefined \"스테이크\")[숙성이야기](https://www.coupang.com/np/search?q=%EC%88%99%EC%84%B1%EC%9D%B4%EC%95%BC%EA%B8%B0&channel=undefined \"숙성이야기\")[한우](https://www.coupang.com/np/search?q=%ED%95%9C%EC%9A%B0&channel=undefined \"한우\")[채끝](https://www.coupang.com/np/search?q=%EC%B1%84%EB%81%9D&channel=undefined \"채끝\")[소고기구이용](https://www.coupang.com/np/search?q=%EC%86%8C%EA%B3%A0%EA%B8%B0%EA%B5%AC%EC%9D%B4%EC%9A%A9&channel=undefined \"소고기구이용\")[한우구이용](https://www.coupang.com/np/search?q=%ED%95%9C%EC%9A%B0%EA%B5%AC%EC%9D%B4%EC%9A%A9&channel=undefined \"한우구이용\")[채끝살](https://www.coupang.com/np/search?q=%EC%B1%84%EB%81%9D%EC%82%B4&channel=undefined \"채끝살\")\n\n*   [전체](https://www.coupang.com/np/search?q=%EC%B1%84%EB%81%9D%EC%82%B4)\n\n**'채끝살'**\n\n#### 필터\n\n*   ![Image 44: rocket_luxury,rocket,coupang_global](https://image.coupangcdn.com/image/badges/falcon/v1/web/rocket-all@2x.png) \n\n    *   ![Image 45: rocket_luxury](https://image.coupangcdn.com/image/coupang/rds/logo/iphone_2x/rds_logo_rlux_light_101719300269126@2x.png)만 보기 \n    *   ![Image 46: rocket](https://image.coupangcdn.com/image/badges/falcon/v1/web/txt_rocket@2x.png)만 보기 \n    *   ![Image 47: coupang_global](https://image.coupangcdn.com/image/badges/falcon/v1/web/txt_jikgu@2x.png)만 보기 \n\n*   ![Image 48: top_brand](https://image.coupangcdn.com/image/badges/top_brand/c-avenue.svg) \n*   무료배송 \n\n##### 카테고리\n\n*   [전체](https://www.coupang.com/) \n*   [식품](https://www.coupang.com/np/categories/194276) \n*   [헬스/건강식품](https://www.coupang.com/np/categories/305798) \n*   [쿠팡수입](https://www.coupang.com/np/categories/510691) \n*   [싱글라이프](https://www.coupang.com/np/categories/433784) \n*   [로켓직구](https://www.coupang.com/np/coupangglobal) \n*   [주방용품](https://www.coupang.com/np/categories/185669) \n*   [결혼준비](https://www.coupang.com/np/categories/416130) \n*   [문구/오피스](https://www.coupang.com/np/categories/177295) \n*   [홈인테리어](https://www.coupang.com/np/categories/184555) \n*   [생활용품](https://www.coupang.com/np/categories/115673) \n*   [가전디지털](https://www.coupang.com/np/categories/178255) \n*   [반려동물용품](https://www.coupang.com/np/categories/115674) \n*   [스포츠/레저](https://www.coupang.com/np/categories/317778) \n*   [미세먼지용품](https://www.coupang.com/np/campaigns/17593) \n*   [홈카페](https://www.coupang.com/np/categories/316168) \n*   [완구/취미](https://www.coupang.com/np/categories/317779) \n*   [출산/유아동](https://www.coupang.com/np/categories/221934) \n*   [아트/공예](https://www.coupang.com/np/categories/410273) \n*   [패션의류/잡화](https://www.coupang.com/np/categories/564653) \n*   [자동차용품](https://www.coupang.com/np/categories/184060) \n\n+ 더보기\n\n##### 브랜드\n\n*   농협안심한우 \n*   미트지엥 \n*   설성목장 \n*   목우촌 \n*   gomgom \n*   보리육촌 \n*   전통참한우 \n*   생생한우 \n*   우마왕 \n*   설로인 \n*   참연담소 \n*   팜스토리 \n*   농협 \n*   한우맘 \n*   이로우 \n*   안성한우 \n*   만블링 \n*   동원홈푸드 \n*   설화우 \n*   녹색한우 \n\n+ 더보기\n\n##### 상품 상태\n\n*   새 상품 \n*   박스 훼손 \n*   재포장 \n*   반품 \n\n##### 개당 중량\n\n*   1kg 이하 \n*   1~2kg \n*   2kg 이상 \n\n##### 낱개상품 여부\n\n*   낱개상품 \n\n##### 총 중량\n\n*   300g 이하 \n*   300~500g \n*   500~700g \n*   700~1kg \n*   1~3kg \n*   3kg 이상 \n\n##### 총 수량\n\n*   16개 이하 \n*   16~32개 \n*   32~48개 \n*   48~64개 \n*   64개 이상 \n\n##### 부위\n\n*   살치살 \n*   갈비 \n*   우둔살 \n*   안심 \n*   부채살 \n*   채끝 \n*   토시살 \n*   안창살 \n*   등심 \n*   치마살 \n*   업진살 \n*   제비추리 \n*   양지 \n*   사태 \n*   설도 \n*   목심 \n*   앞다리살 \n\n+ 더보기\n\n##### 용도\n\n*   구이용 \n*   스테이크 \n*   국거리 \n*   불고기/샤브샤브 \n*   다짐육 \n*   이유식재료 \n*   찜/장조림 \n*   사골/곰탕 \n*   큐브/찹스테이크 \n*   함박스테이크 \n\n+ 더보기\n\n##### 보관방식\n\n*   냉장보관 \n*   냉동보관 \n*   실온보관 \n\n##### 한우 등급\n\n*   1++등급 \n*   1+등급 \n*   1등급 \n*   2등급 \n\n##### 가공방식\n\n*   일반 \n*   시즈닝 \n*   양념 \n\n##### 종류\n\n*   소 \n*   돼지 \n*   닭 \n\n##### 유기농/친환경 등\n\n*   인증 있음 \n\n##### 축산물 원산지\n\n*   국내산 \n*   수입산 \n\n##### 간편식\n\n*   즉석섭취음료 \n*   즉석섭취식품 \n*   즉석조리식품 \n*   밀키트 \n\n##### 양념\n\n*   간장 \n*   양념없음 \n\n##### 별점\n\n*   별점 전체 \n*   4점 이상 \n*   3점 이상 \n*   2점 이상 \n*   1점 이상 \n\n##### 가격\n\n*   가격 전체 \n*   2만원 이하 \n*   2만원~4만원 \n*   4만원~6만원 \n*   6만원~8만원 \n*   8만원 이상 \n\n~원 검색 \n\n현재 검색 결과에 만족하셨나요?\n\n어떤 문제가 있었나요?\n\n*   필터가 도움이 안 돼요\n*   관련 없는 상품이 있어요\n*   이미지나 정보가 부정확해요\n*   추천해준 검색어가 도움이 안 돼요\n*   기타 원하는 옵션이 없어요\n\n**'채끝살'**에 대한 검색결과\n==================\n\n연관검색어: [채끝살스테이크](https://www.coupang.com/np/search?q=%EC%B1%84%EB%81%9D%EC%82%B4%EC%8A%A4%ED%85%8C%EC%9D%B4%ED%81%AC&channel=relate \"채끝살스테이크\")[시즈닝스테이크국산](https://www.coupang.com/np/search?q=%EC%8B%9C%EC%A6%88%EB%8B%9D%EC%8A%A4%ED%85%8C%EC%9D%B4%ED%81%AC%EA%B5%AD%EC%82%B0&channel=relate \"시즈닝스테이크국산\")[소고기](https://www.coupang.com/np/search?q=%EC%86%8C%EA%B3%A0%EA%B8%B0&channel=relate \"소고기\")[스테이크](https://www.coupang.com/np/search?q=%EC%8A%A4%ED%85%8C%EC%9D%B4%ED%81%AC&channel=relate \"스테이크\")[숙성이야기](https://www.coupang.com/np/search?q=%EC%88%99%EC%84%B1%EC%9D%B4%EC%95%BC%EA%B8%B0&channel=relate \"숙성이야기\")[한우](https://www.coupang.com/np/search?q=%ED%95%9C%EC%9A%B0&channel=relate \"한우\")[채끝](https://www.coupang.com/np/search?q=%EC%B1%84%EB%81%9D&channel=relate \"채끝\")[소고기구이용](https://www.coupang.com/np/search?q=%EC%86%8C%EA%B3%A0%EA%B8%B0%EA%B5%AC%EC%9D%B4%EC%9A%A9&channel=relate \"소고기구이용\")[한우구이용](https://www.coupang.com/np/search?q=%ED%95%9C%EC%9A%B0%EA%B5%AC%EC%9D%B4%EC%9A%A9&channel=relate \"한우구이용\")[채끝살](https://www.coupang.com/np/search?q=%EC%B1%84%EB%81%9D%EC%82%B4&channel=relate \"채끝살\")\n\n배송비 포함 \n\n*   쿠팡 랭킹순 \n\n설명 \n\n쿠팡 랭킹순은 판매 실적, 고객 선호도, 상품 경쟁력 및\n\n검색 정확도 등을 종합적으로 고려한 것입니다.\n    *   판매 실적 : 상품의 구매 건수\n    *   고객 선호도 : 상품 및 판매자에 대한 고객평가 등\n    *   상품 경쟁력 : 상품 가격, 배송 기간 등\n    *   검색 정확도 : 검색어와 상품 간 연관도 등\n\n이 밖에 쿠팡 랭킹순에는 고객의 편의 및 만족도\n\n향상을 위한 추가적인 요소가 수시로 반영될 수 있습니다.\n\n*   낮은가격순 \n*   높은가격순 \n*   판매량순 \n*   최신순 \n\n*   36 개씩 보기 \n*   48 개씩 보기 \n*   60 개씩 보기 \n*   72 개씩 보기 \n\n필터\n\n![Image 49](https://thumbnail13.coupangcdn.com/thumbnails/remote/292x292q65ex/image/retail/images/256489948945399-dea2c1a7-b9eb-4e06-815c-88253c1d8f04.jpg)\n\n곰곰 국내산 소고기 채끝 구이용 (냉장), 1개, 300g\n\n![Image 50](http://image3.coupangcdn.com/image/coupang/rds/logo/xxxhdpi/logo_fresh_medium.png)\n\n오늘(토) 도착 보장\n\n(11)\n\n![Image 51](http://image14.coupangcdn.com/image/cmg/srp/topBanner/android/cta_arrow_xxxhdpi.png)\n\n광고\n\n![Image 52](https://image.coupangcdn.com/image/cmg/common/tooltip-icon@2x.png)\n\n*   [![Image 53: 도담우 국내산 채끝 소고기 채끝등심 숙성채끝 채끝스테이크 구이용 (와사비솔트 증정), 2개, 200g](https://thumbnail.coupangcdn.com/thumbnails/remote/320x320ex/image/vendor_inventory/8e55/d60431832548737d68f88587744422c56302e75b651dfc59c2bb47bf3799.jpg) 도담우 국내산 채끝 소고기 채끝등심 숙성채끝 채끝스테이크 구이용 (와사비솔트 증정), 2개, 200g ~~33,000원~~ 16% 27,590원 (100g당 6,898원) 12/2(화) 도착 예정 무료배송 ∙ 오늘출발 5 (12) **단 4개 남음**빨리 주문하세요! 쿠팡으로부터 광고 서비스를 구매한 제휴업체의 판매상품으로 일반 상품보다 우선 정렬됩니다. AD](https://www.coupang.com/vp/products/8949870036?itemId=26178389619&vendorItemId=93158019011&sourceType=srp_product_ads&clickEventId=452e95d0-cc7b-11f0-b211-2c7a580094ca&korePlacement=15&koreSubPlacement=1&clickEventId=452e95d0-cc7b-11f0-b211-2c7a580094ca&korePlacement=15&koreSubPlacement=1)\n*   [![Image 54: 목우촌 국내산 소고기 채끝 구이용 (냉장), 300g, 1개](https://thumbnail.coupangcdn.com/thumbnails/remote/320x320ex/image/retail/images/1908013749704922-74b602ba-1af7-4782-8547-c3e54490f5bc.jpg)![Image 55](https://image.coupangcdn.com/image/badges/cou_pick/web/coupick@2x.png) 목우촌 국내산 소고기 채끝 구이용 (냉장), 300g, 1개 ~~29,990원~~ 25% 22,320원 (100g당 7,440원) ![Image 56](https://image.coupangcdn.com/image/badges/falcon/v1/web/rocket-fresh@2x.png) 오늘(토) 도착 보장 4.5 (8134) 1](https://www.coupang.com/vp/products/1290671052?itemId=2301717160&vendorItemId=70298644333&pickType=COU_PICK&q=%EC%B1%84%EB%81%9D%EC%82%B4&searchId=31e8d3005935496&sourceType=search&itemsCount=36&searchRank=1&rank=1)\n*   [![Image 57: 목우촌 국내산 소고기 채끝 구이용 (냉장), 200g, 1개](https://thumbnail.coupangcdn.com/thumbnails/remote/320x320ex/image/retail/images/2022/12/16/15/4/9987109f-186d-4da6-927d-5d6f3d98fbaa.jpg) 목우촌 국내산 소고기 채끝 구이용 (냉장), 200g, 1개 ~~25,990원~~ 45% 14,130원 (100g당 7,065원) ![Image 58](https://image.coupangcdn.com/image/badges/falcon/v1/web/rocket-fresh@2x.png) 오늘(토) 도착 보장 4.5 (624) 2](https://www.coupang.com/vp/products/7006324921?itemId=17201687290&vendorItemId=84373671103&q=%EC%B1%84%EB%81%9D%EC%82%B4&searchId=31e8d3005935496&sourceType=search&itemsCount=36&searchRank=2&rank=2)\n*   [![Image 59: 목우촌 국내산 소고기 채끝 구이용 (냉장), 200g, 2개](https://thumbnail.coupangcdn.com/thumbnails/remote/320x320ex/image/retail/images/6fa0503a-a59a-4cf0-84ac-65c3d7b153112563243280511431205.png) 목우촌 국내산 소고기 채끝 구이용 (냉장), 200g, 2개 ~~51,980원~~ 47% 27,410원 (100g당 6,853원) ![Image 60](https://image.coupangcdn.com/image/badges/falcon/v1/web/rocket-fresh@2x.png) 오늘(토) 도착 보장 4.5 (624) 3](https://www.coupang.com/vp/products/7006324921?itemId=19283080174&vendorItemId=86398017843&q=%EC%B1%84%EB%81%9D%EC%82%B4&searchId=31e8d3005935496&sourceType=search&itemsCount=36&searchRank=3&rank=3)\n*   [![Image 61: 우아한소 호주산 채끝 구이용(200gx7)1.4kg, 없음](https://thumbnail.coupangcdn.com/thumbnails/remote/320x320ex/image/vendor_inventory/cfef/78ff0b037c585d0f38a8790227cf63bee02cc87b8c1459f5abbeac97204c.jpg) 우아한소 호주산 채끝 구이용(200gx7)1.4kg, 없음 46,900원 12/4(목) 도착 예정 무료배송 3 (10) 4](https://www.coupang.com/vp/products/8464743040?itemId=24520724777&vendorItemId=91533459833&q=%EC%B1%84%EB%81%9D%EC%82%B4&searchId=31e8d3005935496&sourceType=search&itemsCount=36&searchRank=4&rank=4)\n*   [![Image 62: 목우촌 국내산 소고기 채끝 구이용 (냉장), 300g, 2개](https://thumbnail.coupangcdn.com/thumbnails/remote/320x320ex/image/retail/images/f2df44f2-dfd3-4689-8011-525ed34109035667309017812845040.png) 목우촌 국내산 소고기 채끝 구이용 (냉장), 300g, 2개 ~~59,980원~~ 27% 43,300원 (100g당 7,217원) ![Image 63](https://image.coupangcdn.com/image/badges/falcon/v1/web/rocket-fresh@2x.png) 오늘(토) 도착 보장 4.5 (8134) 5](https://www.coupang.com/vp/products/1290671052?itemId=19725220460&vendorItemId=86829277595&q=%EC%B1%84%EB%81%9D%EC%82%B4&searchId=31e8d3005935496&sourceType=search&itemsCount=36&searchRank=5&rank=5)\n*   [![Image 64: 푸드랩플러스 호주산 곡물 살치살 스테이크 (냉장), 400g, 1개](https://thumbnail.coupangcdn.com/thumbnails/remote/320x320ex/image/retail/images/2021/09/03/17/9/13a89477-f201-4730-bf66-8b3b1f699e02.jpg) 푸드랩플러스 호주산 곡물 살치살 스테이크 (냉장), 400g, 1개 ~~29,900원~~ 38% 18,260원 (100g당 4,565원) ![Image 65](https://image.coupangcdn.com/image/badges/falcon/v1/web/rocket-fresh@2x.png) 오늘(토) 도착 보장 4.5 (10711) 6](https://www.coupang.com/vp/products/8032860067?itemId=11209122095&vendorItemId=78486692281&q=%EC%B1%84%EB%81%9D%EC%82%B4&searchId=31e8d3005935496&sourceType=search&itemsCount=36&searchRank=6&rank=6)\n*   [![Image 66: 미트지엥 건강한 소고기 채끝 시즈닝 스테이크 (냉장), 200g, 1개](https://thumbnail.coupangcdn.com/thumbnails/remote/320x320ex/image/retail/images/2022/11/07/11/0/d3a20ed9-fa37-4042-b3f9-06abc005ad4e.jpg) 미트지엥 건강한 소고기 채끝 시즈닝 스테이크 (냉장), 200g, 1개 할인~~10,800원~~ 9% 9,800원 (100g당 4,900원) ![Image 67](https://image.coupangcdn.com/image/badges/falcon/v1/web/rocket-fresh@2x.png) 오늘(토) 도착 보장 4.5 (1190) 7](https://www.coupang.com/vp/products/6904811367?itemId=16618748922&vendorItemId=83803355774&q=%EC%B1%84%EB%81%9D%EC%82%B4&searchId=31e8d3005935496&sourceType=search&itemsCount=36&searchRank=7&rank=7)\n*   [![Image 68: 한국농수축산 국내산 1등급 소고기 모둠 꽃갈비살 + 등심 + 채끝살 + 부채살, 1세트, 800g](https://thumbnail.coupangcdn.com/thumbnails/remote/320x320ex/image/vendor_inventory/c40f/6b492533608e628c53b17bfed5763bd07be1ba9ce414e28ebc7bdb218edb.jpg) 한국농수축산 국내산 1등급 소고기 모둠 꽃갈비살 + 등심 + 채끝살 + 부채살, 1세트, 800g 쿠폰할인~~132,000원~~ 54% 59,800원 (100g당 7,475원) 12/2(화) 도착 예정 무료배송 ∙ 오늘출발 5 (25) 8](https://www.coupang.com/vp/products/9152567934?itemId=26951552383&vendorItemId=93920624010&q=%EC%B1%84%EB%81%9D%EC%82%B4&searchId=31e8d3005935496&sourceType=search&itemsCount=36&searchRank=8&rank=8)\n*   [![Image 69: 목우촌 국내산 소고기 채끝 구이용 (냉장), 200g, 3개](https://thumbnail.coupangcdn.com/thumbnails/remote/320x320ex/image/retail/images/4306689c-032e-450e-82fe-dcc09a77a3cd1394108608590049437.png) 목우촌 국내산 소고기 채끝 구이용 (냉장), 200g, 3개 ~~77,970원~~ 48% 40,300원 (100g당 6,717원) ![Image 70](https://image.coupangcdn.com/image/badges/falcon/v1/web/rocket-fresh@2x.png) 오늘(토) 도착 보장 4.5 (624) 9](https://www.coupang.com/vp/products/7006324921?itemId=25296167192&vendorItemId=92291478612&q=%EC%B1%84%EB%81%9D%EC%82%B4&searchId=31e8d3005935496&sourceType=search&itemsCount=36&searchRank=9&rank=9)\n*   [![Image 71: 한국농수축산 국내산 1등급 소고기 모둠 등심 + 채끝살 반반세트, 1세트, 600g](https://thumbnail.coupangcdn.com/thumbnails/remote/320x320ex/image/vendor_inventory/493a/6ce7dc57d907dcb91ead0c868819da2fa9c32a341eb4d2b28775ac9776ae.jpg) 한국농수축산 국내산 1등급 소고기 모둠 등심 + 채끝살 반반세트, 1세트, 400g 쿠폰할인~~71,600원~~ 58% 29,800원 (100g당 7,450원) 12/2(화) 도착 예정 무료배송 ∙ 오늘출발 5 (40) 10](https://www.coupang.com/vp/products/9152595668?itemId=26951665899&vendorItemId=93920736847&q=%EC%B1%84%EB%81%9D%EC%82%B4&searchId=31e8d3005935496&sourceType=search&itemsCount=36&searchRank=10&rank=10)\n*   [![Image 72: 호주산 채끝 메가 스테이크용 (냉장), 900g, 1개](https://thumbnail.coupangcdn.com/thumbnails/remote/320x320ex/image/retail/images/1226064476751415-e6eda70f-c385-49ec-87b8-d4bca34bcbcd.jpg) 호주산 채끝 메가 스테이크용 (냉장), 900g, 1개 ~~49,900원~~ 29% 35,110원 (100g당 3,901원) ![Image 73](https://image.coupangcdn.com/image/badges/falcon/v1/web/rocket-fresh@2x.png) 내일(일) 새벽 도착 보장 4.5 (115)](https://www.coupang.com/vp/products/7216851631?itemId=18278217123&vendorItemId=85424229476&q=%EC%B1%84%EB%81%9D%EC%82%B4&searchId=31e8d3005935496&sourceType=search&itemsCount=36&searchRank=11&rank=11)\n*   베스트셀러 \n최근 다른 고객이 많이 구매한 상품\n-------------------\n\n이전 상품 보기\n\n    *   [![Image 74: 목우촌 국내산 소고기 채끝 구이용 (냉장), 300g, 1개](https://thumbnail.coupangcdn.com/thumbnails/remote/230x230ex/image/retail/images/1908013749704922-74b602ba-1af7-4782-8547-c3e54490f5bc.jpg) 목우촌 국내산 소고기 채끝 구이용 (냉장), 300g, 1개 25%~~29,990원~~**22,320원** ![Image 75: 로켓배송](https://image.coupangcdn.com/image/badges/falcon/v1/web/rocket-fresh@2x.png) (100g당 7,440원) 오늘(토) 도착 보장 4.5 (8134) ![Image 76: 최대 1,900원 적립](https://image.coupangcdn.com/image/badges/cashback/web/list-cash-icon@2x.png)최대 1,116원 적립](https://www.coupang.com/vp/products/1290671052?itemId=2301717160&vendorItemId=70298644333&sourceType=SDW_TOP_SELLING_WIDGET_V2&searchId=31e8d3005935496&q=%EC%B1%84%EB%81%9D%EC%82%B4)\n    *   [![Image 77: 생생한우 1등급 채끝 구이용 (냉장), 200g, 1개](https://thumbnail.coupangcdn.com/thumbnails/remote/230x230ex/image/retail/images/892175028752851-26a1063e-659c-4b1e-8baa-79da6b0d26aa.jpg) 생생한우 1등급 채끝 구이용 (냉장), 200g, 1개 25%~~31,760원~~**23,780원** ![Image 78: 로켓배송](https://image.coupangcdn.com/image/badges/falcon/v1/web/rocket-fresh@2x.png) (100g당 11,890원) 오늘(토) 도착 보장 4.5 (1762) ![Image 79: 최대 1,900원 적립](https://image.coupangcdn.com/image/badges/cashback/web/list-cash-icon@2x.png)최대 1,189원 적립](https://www.coupang.com/vp/products/5567048843?itemId=8852175004&vendorItemId=76139184206&sourceType=SDW_TOP_SELLING_WIDGET_V2&searchId=31e8d3005935496&q=%EC%B1%84%EB%81%9D%EC%82%B4)\n    *   [![Image 80: 설성목장 무항생제 인증 한우 1+등급 채끝 스테이크 (냉장), 200g, 1개](https://thumbnail.coupangcdn.com/thumbnails/remote/230x230ex/image/retail/images/294034064473246-4f5f0923-e57d-49b0-b163-b6167b9ac925.jpg) 설성목장 무항생제 인증 한우 1+등급 채끝 스테이크 (냉장), 200g, 1개 21%~~37,130원~~**28,980원** ![Image 81: 로켓배송](https://image.coupangcdn.com/image/badges/falcon/v1/web/rocket-fresh@2x.png) (100g당 14,490원) 오늘(토) 도착 보장 4.5 (2750) ![Image 82: 최대 1,900원 적립](https://image.coupangcdn.com/image/badges/cashback/web/list-cash-icon@2x.png)최대 1,449원 적립](https://www.coupang.com/vp/products/281185417?itemId=892692669&vendorItemId=5245326422&sourceType=SDW_TOP_SELLING_WIDGET_V2&searchId=31e8d3005935496&q=%EC%B1%84%EB%81%9D%EC%82%B4)\n    *   [![Image 83: 횡성한우 1+등급 채끝 구이용 (냉장), 200g, 1개](https://thumbnail.coupangcdn.com/thumbnails/remote/230x230ex/image/retail/images/1835464474237383-dfc53847-34cd-4e79-87f3-8750465e4fb7.jpg) 횡성한우 1+등급 채끝 구이용 (냉장), 200g, 1개 **38,000원** ![Image 84: 로켓배송](https://image.coupangcdn.com/image/badges/falcon/v1/web/rocket-fresh@2x.png) (100g당 19,000원) 오늘(토) 도착 보장 4.5 (2377) ![Image 85: 최대 1,900원 적립](https://image.coupangcdn.com/image/badges/cashback/web/list-cash-icon@2x.png)최대 1,900원 적립](https://www.coupang.com/vp/products/1422064929?itemId=2460752645&vendorItemId=70454257085&sourceType=SDW_TOP_SELLING_WIDGET_V2&searchId=31e8d3005935496&q=%EC%B1%84%EB%81%9D%EC%82%B4)\n\n다음 상품 보기\n\n*   [![Image 86: 농협안심한우 채끝 1+등급 구이용 (냉장), 200g, 1개](https://thumbnail.coupangcdn.com/thumbnails/remote/320x320ex/image/1025_amir_coupang_oct_80k/d813/acb77379a6e152ecd71b594faa39f8da8157be6c91a1147bd976b196211d.jpg) 농협안심한우 채끝 1+등급 구이용 (냉장), 200g, 1개 ~~33,760원~~ 21% 26,350원 (100g당 13,175원) ![Image 87](https://image.coupangcdn.com/image/badges/falcon/v1/web/rocket-fresh@2x.png) 오늘(토) 도착 보장 4.5 (1036)](https://www.coupang.com/vp/products/7073094000?itemId=17571202408&vendorItemId=84737944589&q=%EC%B1%84%EB%81%9D%EC%82%B4&searchId=31e8d3005935496&sourceType=search&itemsCount=36&searchRank=12&rank=12)\n*   [![Image 88: 곰곰 국내산 소고기 채끝 구이용 (냉장), 1개, 300g](https://thumbnail.coupangcdn.com/thumbnails/remote/320x320ex/image/retail/images/256489948945399-dea2c1a7-b9eb-4e06-815c-88253c1d8f04.jpg) 곰곰 국내산 소고기 채끝 구이용 (냉장), 1개, 300g ~~29,900원~~ 32% 20,080원 (100g당 6,693원) ![Image 89](https://image.coupangcdn.com/image/badges/falcon/v1/web/rocket-fresh@2x.png) 오늘(토) 도착 보장 5 (11) 품절임박](https://www.coupang.com/vp/products/9180955195?itemId=27075228555&vendorItemId=94043530810&q=%EC%B1%84%EB%81%9D%EC%82%B4&searchId=31e8d3005935496&sourceType=search&itemsCount=36&searchRank=13&rank=13)\n*   [![Image 90: 보리육촌 국내산 소고기 채끝 (냉장), 1개, 200g](https://thumbnail.coupangcdn.com/thumbnails/remote/320x320ex/image/rs_quotation_api/vjjxzuzi/3312062f473a4fb2b2f2b8f120356d1a.jpg) 보리육촌 국내산 소고기 채끝 (냉장), 1개, 200g 12,490원 (100g당 6,245원) ![Image 91](https://image.coupangcdn.com/image/badges/falcon/v1/web/rocket-fresh@2x.png) 오늘(토) 도착 보장 4.5 (32)](https://www.coupang.com/vp/products/8665804389?itemId=25151908532&vendorItemId=92150322880&q=%EC%B1%84%EB%81%9D%EC%82%B4&searchId=31e8d3005935496&sourceType=search&itemsCount=36&searchRank=14&rank=14)\n*   [![Image 92: 한국농수축산 국내산 1등급 소고기 모둠 등심 + 채끝살 반반세트, 1세트, 600g](https://thumbnail.coupangcdn.com/thumbnails/remote/320x320ex/image/vendor_inventory/493a/6ce7dc57d907dcb91ead0c868819da2fa9c32a341eb4d2b28775ac9776ae.jpg) 한국농수축산 국내산 1등급 소고기 모둠 등심 + 채끝살 반반세트, 1세트, 600g 쿠폰할인~~97,600원~~ 56% 42,800원 (100g당 7,133원) 12/2(화) 도착 예정 무료배송 ∙ 오늘출발 5 (40)](https://www.coupang.com/vp/products/9152595668?itemId=26951665903&vendorItemId=93920736848&q=%EC%B1%84%EB%81%9D%EC%82%B4&searchId=31e8d3005935496&sourceType=search&itemsCount=36&searchRank=15&rank=15)\n*   [![Image 93: 미트지엥 건강한 소고기 채끝 시즈닝 스테이크 (냉장), 200g, 2개](https://thumbnail.coupangcdn.com/thumbnails/remote/320x320ex/image/retail/images/b8175fe6-fee1-4796-b474-2b7591250fee4689994439483358256.png) 미트지엥 건강한 소고기 채끝 시즈닝 스테이크 (냉장), 200g, 2개 19,600원 (100g당 4,900원) ![Image 94](https://image.coupangcdn.com/image/badges/falcon/v1/web/rocket-fresh@2x.png) 오늘(토) 도착 보장 4.5 (1190)](https://www.coupang.com/vp/products/6904811367?itemId=19233865546&vendorItemId=86350319090&q=%EC%B1%84%EB%81%9D%EC%82%B4&searchId=31e8d3005935496&sourceType=search&itemsCount=36&searchRank=16&rank=16)\n*   [![Image 95: 한국농수축산 한우 1등급 소고기 채끝 스테이크 구이용 (냉장), 1개, 250g](https://thumbnail.coupangcdn.com/thumbnails/remote/320x320ex/image/vendor_inventory/2f4c/9e5df5eec5c6647c91c11500e4f3181b86d1baa695c509e69da5a977fb35.jpg) 한국농수축산 한우 1등급 소고기 채끝 스테이크 구이용 (냉장), 1개, 250g 쿠폰할인~~64,800원~~ 57% 27,400원 (100g당 10,960원) 12/2(화) 도착 예정 무료배송 ∙ 오늘출발 5 (15)](https://www.coupang.com/vp/products/9087361535?itemId=26702169227&vendorItemId=93673991632&q=%EC%B1%84%EB%81%9D%EC%82%B4&searchId=31e8d3005935496&sourceType=search&itemsCount=36&searchRank=17&rank=17)\n*   [![Image 96: 푸드랩플러스 호주산 곡물 살치살 스테이크 (냉장), 400g, 2개](https://thumbnail.coupangcdn.com/thumbnails/remote/320x320ex/image/retail/images/96fb4ba4-695a-4b0c-ad23-33de0bd680c7360628145242597189.png) 푸드랩플러스 호주산 곡물 살치살 스테이크 (냉장), 400g, 2개 ~~59,800원~~ 38% 36,520원 (100g당 4,565원) ![Image 97](https://image.coupangcdn.com/image/badges/falcon/v1/web/rocket-fresh@2x.png) 오늘(토) 도착 보장 4.5 (10711)](https://www.coupang.com/vp/products/8032860067?itemId=19225416791&vendorItemId=86342065220&q=%EC%B1%84%EB%81%9D%EC%82%B4&searchId=31e8d3005935496&sourceType=search&itemsCount=36&searchRank=18&rank=18)\n*   [![Image 98: 전통참한우 1등급 채끝 구이용 (냉장), 200g, 1개](https://thumbnail.coupangcdn.com/thumbnails/remote/320x320ex/image/retail/images/4304697554271076-182a75e9-d408-4bde-a4a7-1784e0969d57.jpg) 전통참한우 1등급 채끝 구이용 (냉장), 200g, 1개 ~~31,760원~~ 25% 23,780원 (100g당 11,890원) ![Image 99](https://image.coupangcdn.com/image/badges/falcon/v1/web/rocket-fresh@2x.png) 오늘(토) 도착 보장 4.5 (537) 쿠팡으로부터 광고 서비스를 구매한 제휴업체의 판매상품으로 일반 상품보다 우선 정렬됩니다. AD](https://www.coupang.com/vp/products/6370095893?itemId=13488735128&vendorItemId=80742922590&sourceType=srp_product_ads&clickEventId=452e95d0-cc7b-11f0-adb8-4d01c13afa35&korePlacement=15&koreSubPlacement=20&clickEventId=452e95d0-cc7b-11f0-adb8-4d01c13afa35&korePlacement=15&koreSubPlacement=20)\n*   [![Image 100: 1++ 최고급 투뿔 한우 모듬세트 500g 부채살 채끝 특수부위 구이용 소고기, 1개](https://thumbnail.coupangcdn.com/thumbnails/remote/320x320ex/image/vendor_inventory/fa8b/67f7e30dcc5c5199f02c5e180af2bfdc42e7df87c9d6addc2d9f3ded3415.png) 1++ 최고급 투뿔 한우 모듬세트 500g 부채살 채끝 특수부위 구이용 소고기, 1개 할인~~60,000원~~ 33% 39,800원 (100g당 7,960원) 12/2(화) 도착 예정 무료배송 ∙ 오늘출발 4.5 (438) 쿠팡으로부터 광고 서비스를 구매한 제휴업체의 판매상품으로 일반 상품보다 우선 정렬됩니다. AD](https://www.coupang.com/vp/products/8715512561?itemId=25313050736&vendorItemId=92090774465&sourceType=srp_product_ads&clickEventId=452e95d0-cc7b-11f0-82f7-2f6f1b51da7f&korePlacement=15&koreSubPlacement=21&clickEventId=452e95d0-cc7b-11f0-82f7-2f6f1b51da7f&korePlacement=15&koreSubPlacement=21)\n*   [![Image 101: 농협안심한우 채끝 1등급 구이용 (냉장), 200g, 1개](https://thumbnail.coupangcdn.com/thumbnails/remote/320x320ex/image/retail/images/5491489223183876-29da7fdc-648b-4816-9056-cb38dbdde0e1.jpg) 농협안심한우 채끝 1등급 구이용 (냉장), 200g, 1개 ~~31,760원~~ 25% 23,780원 (100g당 11,890원) ![Image 102](https://image.coupangcdn.com/image/badges/falcon/v1/web/rocket-fresh@2x.png) 오늘(토) 도착 보장 4.5 (1379)](https://www.coupang.com/vp/products/7075133882?itemId=17582710364&vendorItemId=84749285812&q=%EC%B1%84%EB%81%9D%EC%82%B4&searchId=31e8d3005935496&sourceType=search&itemsCount=36&searchRank=21&rank=21)\n*   [![Image 103: 1++ 한우 투뿔 모듬세트 600g 구이용 최고급, 1개](https://thumbnail.coupangcdn.com/thumbnails/remote/320x320ex/image/vendor_inventory/88f2/a913a1e3d80a010a1aef581b6c2553946d31726d01ecd391db112c92ef03.png) 1++ 한우 투뿔 모듬세트 600g 구이용 최고급, 1개 할인~~150,000원~~ 57% 64,000원 (1세트당 64,000원) 12/2(화) 도착 예정 무료배송 ∙ 오늘출발 4.5 (484) 쿠팡으로부터 광고 서비스를 구매한 제휴업체의 판매상품으로 일반 상품보다 우선 정렬됩니다. AD](https://www.coupang.com/vp/products/8597589368?itemId=24929521094&vendorItemId=91935697992&sourceType=srp_product_ads&clickEventId=452e95d0-cc7b-11f0-8b3c-0ad42f888299&korePlacement=15&koreSubPlacement=23&clickEventId=452e95d0-cc7b-11f0-8b3c-0ad42f888299&korePlacement=15&koreSubPlacement=23)\n*   [![Image 104: [1등급 투뿔 특가] 한우 채끝 살 1++ 구이용 소고기 스테이크, 1개, 300g](https://thumbnail.coupangcdn.com/thumbnails/remote/320x320ex/image/vendor_inventory/82b6/097273c386fbefa9cd3b42412a3423f49374ea8c80db41280fbf51a3c739.png) [1등급 투뿔 특가] 한우 채끝 살 1++ 구이용 소고기 스테이크, 1개, 300g ~~137,300원~~ 60% 53,700원 (100g당 17,900원) 12/2(화) 도착 예정 무료배송 ∙ 오늘출발 4.5 (13)](https://www.coupang.com/vp/products/9144168937?itemId=26923953464&vendorItemId=93889576750&q=%EC%B1%84%EB%81%9D%EC%82%B4&searchId=31e8d3005935496&sourceType=search&itemsCount=36&searchRank=23&rank=23)\n*   [![Image 105: 도담우 국내산 채끝 소고기 채끝등심 숙성채끝 채끝스테이크 구이용 (와사비솔트 증정), 2개, 200g](https://thumbnail.coupangcdn.com/thumbnails/remote/320x320ex/image/vendor_inventory/8e55/d60431832548737d68f88587744422c56302e75b651dfc59c2bb47bf3799.jpg) 도담우 국내산 채끝 소고기 채끝등심 숙성채끝 채끝스테이크 구이용 (와사비솔트 증정), 2개, 200g ~~33,000원~~ 16% 27,590원 (100g당 6,898원) 12/2(화) 도착 예정 무료배송 ∙ 오늘출발 5 (12) **단 4개 남음**빨리 주문하세요!](https://www.coupang.com/vp/products/8949870036?itemId=26178389619&vendorItemId=93158019011&q=%EC%B1%84%EB%81%9D%EC%82%B4&searchId=31e8d3005935496&sourceType=search&itemsCount=36&searchRank=24&rank=24)\n*   [![Image 106: 호주산 채끝 스테이크용 (냉장), 220g, 2개](https://thumbnail.coupangcdn.com/thumbnails/remote/320x320ex/image/retail/images/16085dc4-136e-4e8f-8795-89fcbead9c0c7583149073597554132.png) 호주산 채끝 스테이크용 (냉장), 220g, 2개 ~~38,000원~~ 41% 22,290원 (100g당 5,066원) ![Image 107](https://image.coupangcdn.com/image/badges/falcon/v1/web/rocket-fresh@2x.png) 오늘(토) 도착 보장 4.5 (305)](https://www.coupang.com/vp/products/8308632342?itemId=24190542498&vendorItemId=91208283776&q=%EC%B1%84%EB%81%9D%EC%82%B4&searchId=31e8d3005935496&sourceType=search&itemsCount=36&searchRank=25&rank=25)\n*   [![Image 108: 목우촌 국내산 소고기 채끝 구이용 (냉장), 200g, 6개](https://thumbnail.coupangcdn.com/thumbnails/remote/320x320ex/image/retail/images/c035f995-8ef9-444a-8c78-09ac1135aa905283053644654545206.png) 목우촌 국내산 소고기 채끝 구이용 (냉장), 200g, 6개 ~~155,940원~~ 50% 76,640원 (100g당 6,387원) ![Image 109](https://image.coupangcdn.com/image/badges/falcon/v1/web/rocket-fresh@2x.png) 오늘(토) 도착 보장 4.5 (624)](https://www.coupang.com/vp/products/7006324921?itemId=25296167175&vendorItemId=92291478576&q=%EC%B1%84%EB%81%9D%EC%82%B4&searchId=31e8d3005935496&sourceType=search&itemsCount=36&searchRank=26&rank=26)\n*   [![Image 110: 녹진한우 한우 채끝 1등급 구이용 (냉장), 2개, 200g](https://thumbnail.coupangcdn.com/thumbnails/remote/320x320ex/image/vendor_inventory/fd9e/b5466a53494b3c302f994890a3f0369187696eb51cf0691c43da1c540670.png) 녹진한우 한우 채끝 1등급 구이용 (냉장), 2개, 200g ~~59,800원~~ 48% 30,880원 (100g당 7,720원) 12/4(목) 도착 예정 무료배송 4.5 (15)](https://www.coupang.com/vp/products/8671488070?itemId=25172557430&vendorItemId=92169776481&q=%EC%B1%84%EB%81%9D%EC%82%B4&searchId=31e8d3005935496&sourceType=search&itemsCount=36&searchRank=27&rank=27)\n*   [![Image 111: 한국농수축산 국내산 1등급 소고기 모둠 등심 + 부채살 반반세트, 1세트, 600g](https://thumbnail.coupangcdn.com/thumbnails/remote/320x320ex/image/vendor_inventory/a676/5afd994e098fd9ff59cb4b552056d9eb328dc4887863e89b71de537a4e85.jpg) 한국농수축산 국내산 1등급 소고기 모둠 등심 + 부채살 반반세트, 1세트, 600g 쿠폰할인~~81,600원~~ 51% 39,800원 (100g당 6,633원) 12/2(화) 도착 예정 무료배송 ∙ 오늘출발 5 (29)](https://www.coupang.com/vp/products/9152582977?itemId=26951609211&vendorItemId=93920680426&q=%EC%B1%84%EB%81%9D%EC%82%B4&searchId=31e8d3005935496&sourceType=search&itemsCount=36&searchRank=28&rank=28)\n*   [![Image 112: 목우촌 국내산 소고기 채끝 구이용 (냉장), 300g, 3개](https://thumbnail.coupangcdn.com/thumbnails/remote/320x320ex/image/retail/images/f2b72681-dd20-492d-bb60-d99c155ac2a86295499052056070632.png) 목우촌 국내산 소고기 채끝 구이용 (냉장), 300g, 3개 ~~89,970원~~ 29% 63,650원 (100g당 7,072원) ![Image 113](https://image.coupangcdn.com/image/badges/falcon/v1/web/rocket-fresh@2x.png) 오늘(토) 도착 보장 4.5 (8134)](https://www.coupang.com/vp/products/1290671052?itemId=25295808391&vendorItemId=92291127912&q=%EC%B1%84%EB%81%9D%EC%82%B4&searchId=31e8d3005935496&sourceType=search&itemsCount=36&searchRank=29&rank=29)\n*   [![Image 114: 갓성비 소고기 1.2kg 모듬세트 살치살+갈비살+부채살+등심+우삼겹 소분 진공포장, 1세트](https://thumbnail.coupangcdn.com/thumbnails/remote/320x320ex/image/vendor_inventory/e85d/c15d648b4601d697947a75376fb2afd6c9baed40ce2060a2dbd646352506.jpg) 갓성비 소고기 1.2kg 모듬세트 살치살+갈비살+부채살+등심+우삼겹 소분 진공포장, 1세트 할인~~98,000원~~ 59% 39,800원 (1세트당 39,800원) 12/2(화) 도착 예정 무료배송 ∙ 오늘출발 4 (331)](https://www.coupang.com/vp/products/8448648969?itemId=24441267536&vendorItemId=91469366713&q=%EC%B1%84%EB%81%9D%EC%82%B4&searchId=31e8d3005935496&sourceType=search&itemsCount=36&searchRank=30&rank=30)\n*   [![Image 115: 1++등급 특수부위, 600g, 1세트, 특수부위300g + 특수부위300g](https://thumbnail.coupangcdn.com/thumbnails/remote/320x320ex/image/vendor_inventory/8eb3/1405b5943c524111b3dfb30fa90ebe46664f67ecb1b138d365a76d66ad9a.jpg) 1++등급 특수부위, 600g, 1세트, 특수부위300g + 특수부위300g 쿠폰할인~~71,600원~~ 44% 39,790원 (100g당 6,632원) 배송비 3,500원 조건부 무료배송 12/2(화) 도착 예정 오늘출발 4 (863) 쿠팡으로부터 광고 서비스를 구매한 제휴업체의 판매상품으로 일반 상품보다 우선 정렬됩니다. AD](https://www.coupang.com/vp/products/8674996191?itemId=25183455283&vendorItemId=85737740215&sourceType=srp_product_ads&clickEventId=452e95d0-cc7b-11f0-b8c0-faf26b2df087&korePlacement=15&koreSubPlacement=37&clickEventId=452e95d0-cc7b-11f0-b8c0-faf26b2df087&korePlacement=15&koreSubPlacement=37)\n*   [![Image 116: 따봉프레시 황제 소고기 세트 꽃갈비살 살치살 갈비살 늑간살 부채살 우삼겹, 1세트, 800g](https://thumbnail.coupangcdn.com/thumbnails/remote/320x320ex/image/vendor_inventory/0396/9de3916eab050d9573465e3ec42438fabccaeea5973f078ccaed642357d0.jpg) 따봉프레시 황제 소고기 세트 꽃갈비살 살치살 갈비살 늑간살 부채살 우삼겹, 1세트, 800g 쿠폰할인~~80,000원~~ 56% 34,800원 (100g당 4,350원) 12/2(화) 도착 예정 무료배송 ∙ 오늘출발 4 (3538) 쿠팡으로부터 광고 서비스를 구매한 제휴업체의 판매상품으로 일반 상품보다 우선 정렬됩니다. AD](https://www.coupang.com/vp/products/7476062710?itemId=19517759331&vendorItemId=86626462599&sourceType=srp_product_ads&clickEventId=452ebce0-cc7b-11f0-baa5-13d1d3b94d05&korePlacement=15&koreSubPlacement=38&clickEventId=452ebce0-cc7b-11f0-baa5-13d1d3b94d05&korePlacement=15&koreSubPlacement=38)\n*   [![Image 117: [한우이츠] 한우 1++등급 채끝등심, 1++ 한우 채끝등심 200g, 1개](https://thumbnail.coupangcdn.com/thumbnails/remote/320x320ex/image/vendor_inventory/4ba2/24681548e98b02d8aac72ee0c9da741e2c88adca9a9370410d0f356c5cb5.jpg) [한우이츠] 한우 1++등급 채끝등심, 1++ 한우 채끝등심 200g, 1개 쿠폰할인~~59,800원~~ 39% 35,980원 (100g당 17,990원) 배송비 3,500원 조건부 무료배송 12/2(화) 도착 예정 오늘출발 4.5 (53) 쿠팡으로부터 광고 서비스를 구매한 제휴업체의 판매상품으로 일반 상품보다 우선 정렬됩니다. AD](https://www.coupang.com/vp/products/9213415854?itemId=22011982232&vendorItemId=93934470520&sourceType=srp_product_ads&clickEventId=452ebce0-cc7b-11f0-9737-fbc4361a3be3&korePlacement=15&koreSubPlacement=40&clickEventId=452ebce0-cc7b-11f0-9737-fbc4361a3be3&korePlacement=15&koreSubPlacement=40)\n*   [![Image 118: 1++ 한우 투뿔 1kg 구이용 최고급 (등심500g+채끝500g), 1개](https://thumbnail.coupangcdn.com/thumbnails/remote/320x320ex/image/vendor_inventory/66cc/61545f0fa39d8ad295323ba8d868f29894e4fafa24978014a9c5aaa9196f.png) 1++ 한우 투뿔 1kg 구이용 최고급 (등심500g+채끝500g), 1개 할인~~150,000원~~ 40% 89,000원 (1세트당 89,000원) 12/2(화) 도착 예정 무료배송 ∙ 오늘출발 4.5 (176) 쿠팡으로부터 광고 서비스를 구매한 제휴업체의 판매상품으로 일반 상품보다 우선 정렬됩니다. AD](https://www.coupang.com/vp/products/8658432343?itemId=25129658175&vendorItemId=92128805416&sourceType=srp_product_ads&clickEventId=452ebce0-cc7b-11f0-ba18-f02284058475&korePlacement=15&koreSubPlacement=41&clickEventId=452ebce0-cc7b-11f0-ba18-f02284058475&korePlacement=15&koreSubPlacement=41)\n*   [![Image 119: 만블링 한우 채끝 스테이크 (냉동), 150g, 2개](https://thumbnail.coupangcdn.com/thumbnails/remote/320x320ex/image/retail/images/ca89f617-7087-45f2-bf62-e58fabd24d696085188681126167945.png) 만블링 한우 채끝 스테이크 (냉동), 150g, 2개 31,810원 (100g당 10,603원) ![Image 120](https://image.coupangcdn.com/image/badges/falcon/v1/web/rocket-fresh@2x.png) 오늘(토) 도착 보장 5 (72) 쿠팡으로부터 광고 서비스를 구매한 제휴업체의 판매상품으로 일반 상품보다 우선 정렬됩니다. AD](https://www.coupang.com/vp/products/8918133568?itemId=26118284151&vendorItemId=93098757539&sourceType=srp_product_ads&clickEventId=452ebce0-cc7b-11f0-9c07-edf1d64db23c&korePlacement=15&koreSubPlacement=43&clickEventId=452ebce0-cc7b-11f0-9c07-edf1d64db23c&korePlacement=15&koreSubPlacement=43)\n\n[](https://www.coupang.com/np/search?q=%EC%B1%84%EB%81%9D%EC%82%B4#)[](https://www.coupang.com/np/search?q=%EC%B1%84%EB%81%9D%EC%82%B4#)\n\n같이 보면 좋은 상품\n\n광고\n\n![Image 121](http://static.coupangcdn.com/image/cmg/icon/dco/ad_icon.png)\n\n![Image 122](https://thumbnail5.coupangcdn.com/thumbnails/remote/292x292q65ex/image/vendor_inventory/8e55/d60431832548737d68f88587744422c56302e75b651dfc59c2bb47bf3799.jpg)\n\n무료배송\n\n도담우 국내산 채끝 소고기 채끝등심 숙성채끝 채끝스테이크 구이용 (와사비솔트 증정), 1개, 200g\n\n23%\n\n20,000원\n\n15,300원\n\n(100g당 7,650원)\n\n12/2(화) 도착 예정\n\n(12)\n\n![Image 123](http://image8.coupangcdn.com/image/badges/cashback/aos/xxxhdpi/list_cash_icon.png)\n\n최대 765원 적립\n\n![Image 124](https://thumbnail13.coupangcdn.com/thumbnails/remote/292x292q65ex/image/retail/images/256489948945399-dea2c1a7-b9eb-4e06-815c-88253c1d8f04.jpg)\n\n곰곰 국내산 소고기 채끝 구이용 (냉장), 1개, 300g\n\n29,900원\n\n20,080원\n\n(100g당 6,693원)\n\n![Image 125](http://image4.coupangcdn.com/image/coupang/rds/logo/xxxhdpi/logo_fresh_medium.png)\n\n오늘(토) 도착 보장\n\n(11)\n\n![Image 126](http://image14.coupangcdn.com/image/badges/cashback/aos/xxxhdpi/list_cash_icon.png)\n\n최대 1,004원 적립\n\n![Image 127](https://thumbnail15.coupangcdn.com/thumbnails/remote/292x292q65ex/image/vendor_inventory/fa8b/67f7e30dcc5c5199f02c5e180af2bfdc42e7df87c9d6addc2d9f3ded3415.png)\n\n무료배송\n\n1++ 최고급 투뿔 한우 모듬세트 500g 부채살 채끝 특수부위 구이용 소고기, 1개\n\n33%\n\n60,000원\n\n39,800원\n\n(100g당 7,960원)\n\n12/2(화) 도착 예정\n\n(438)\n\n![Image 128](http://image1.coupangcdn.com/image/badges/cashback/aos/xxxhdpi/list_cash_icon.png)\n\n최대 1,990원 적립\n\n![Image 129](https://thumbnail5.coupangcdn.com/thumbnails/remote/292x292q65ex/image/retail/images/4304697554271076-182a75e9-d408-4bde-a4a7-1784e0969d57.jpg)\n\n전통참한우 1등급 채끝 구이용 (냉장), 200g, 1개\n\n31,760원\n\n23,780원\n\n(100g당 11,890원)\n\n![Image 130](http://image6.coupangcdn.com/image/coupang/rds/logo/xxxhdpi/logo_fresh_medium.png)\n\n오늘(토) 도착 보장\n\n(537)\n\n![Image 131](http://image15.coupangcdn.com/image/badges/cashback/aos/xxxhdpi/list_cash_icon.png)\n\n최대 1,189원 적립\n\n![Image 132](https://thumbnail12.coupangcdn.com/thumbnails/remote/292x292q65ex/image/rs_quotation_api/szbxny7y/95d4412b563e4d499f8108ba213b362e.jpg)\n\n만블링 한우 채끝 (냉동), 200g, 1개\n\n17,400원\n\n(100g당 8,700원)\n\n![Image 133](http://image13.coupangcdn.com/image/coupang/rds/logo/xxxhdpi/logo_fresh_medium.png)\n\n오늘(토) 도착 보장\n\n(104)\n\n![Image 134](http://image7.coupangcdn.com/image/badges/cashback/aos/xxxhdpi/list_cash_icon.png)\n\n최대 783원 적립\n\n![Image 135](https://thumbnail7.coupangcdn.com/thumbnails/remote/292x292q65ex/image/vendor_inventory/88f2/a913a1e3d80a010a1aef581b6c2553946d31726d01ecd391db112c92ef03.png)\n\n무료배송\n\n1++ 한우 투뿔 모듬세트 600g 구이용 최고급, 1개\n\n57%\n\n150,000원\n\n64,000원\n\n(1세트당 64,000원)\n\n12/2(화) 도착 예정\n\n(484)\n\n![Image 136](http://image8.coupangcdn.com/image/badges/cashback/aos/xxxhdpi/list_cash_icon.png)\n\n최대 3,200원 적립\n\n![Image 137](https://thumbnail11.coupangcdn.com/thumbnails/remote/292x292q65ex/image/vendor_inventory/66cc/61545f0fa39d8ad295323ba8d868f29894e4fafa24978014a9c5aaa9196f.png)\n\n무료배송\n\n1++ 한우 투뿔 1kg 구이용 최고급 (등심500g+채끝500g), 1개\n\n40%\n\n150,000원\n\n89,000원\n\n(1세트당 89,000원)\n\n12/2(화) 도착 예정\n\n(176)\n\n![Image 138](http://image15.coupangcdn.com/image/badges/cashback/aos/xxxhdpi/list_cash_icon.png)\n\n최대 4,450원 적립\n\n![Image 139](https://thumbnail7.coupangcdn.com/thumbnails/remote/292x292q65ex/image/retail/images/86126647937234-5cb88b39-76b9-4c86-b2cd-48f9dacce536.jpg)\n\n만블링 한우 1++ 스테이크 (냉동), 150g, 1개\n\n15,900원\n\n(100g당 10,600원)\n\n![Image 140](http://image4.coupangcdn.com/image/coupang/rds/logo/xxxhdpi/logo_fresh_medium.png)\n\n오늘(토) 도착 보장\n\n(145)\n\n![Image 141](http://image10.coupangcdn.com/image/badges/cashback/aos/xxxhdpi/list_cash_icon.png)\n\n최대 715원 적립\n\n이전[1](https://www.coupang.com/np/search?q=%EC%B1%84%EB%81%9D%EC%82%B4&page=1)[2](https://www.coupang.com/np/search?q=%EC%B1%84%EB%81%9D%EC%82%B4&page=2)[3](https://www.coupang.com/np/search?q=%EC%B1%84%EB%81%9D%EC%82%B4&page=3)[4](https://www.coupang.com/np/search?q=%EC%B1%84%EB%81%9D%EC%82%B4&page=4)[5](https://www.coupang.com/np/search?q=%EC%B1%84%EB%81%9D%EC%82%B4&page=5)[다음](https://www.coupang.com/np/search?q=%EC%B1%84%EB%81%9D%EC%82%B4&page=2 \"다음\")\n\n이 상품을 검색한 다른 분들이 함께 본 상품\n------------------------\n\n이전 상품 보기\n\n*   [![Image 142: 육교시 한우 1등급 숙성등심 스테이크용 (냉장), 200g, 1개](https://thumbnail.coupangcdn.com/thumbnails/remote/292x292ex/image/retail/images/23343327239079-f3084491-7dfb-4972-84d5-d2db65afa52d.jpg) 육교시 한우 1등급 숙성등심 스테이크용 (냉장), 200g, 1개 **15,890원**(100g당 7,945원) ![Image 143](https://image.coupangcdn.com/image/coupang/rds/logo/xhdpi/logo_fresh_medium.png) 4.5 (832)](https://www.coupang.com/vp/products/6148833829?vendorItemId=79126934333&sourceType=srp_also_viewed_item&rmdId=cebc4f08eb9f44bab2aa74e845f18d3b&eventLabel=recommendation_widget_pc_srp_001&platform=web&rmdABTestInfo=88611_A,14554_C,88610_B,91997_B,91996_B&rmdValue=p8949870036:vt-1.0.0:p6148833829 \"육교시 한우 1등급 숙성등심 스테이크용 (냉장), 200g, 1개\")\n*   [![Image 144: 푸드랩플러스 호주산 곡물 살치살 스테이크 (냉장), 400g, 1개](https://thumbnail.coupangcdn.com/thumbnails/remote/292x292ex/image/retail/images/2021/09/03/17/9/13a89477-f201-4730-bf66-8b3b1f699e02.jpg) 푸드랩플러스 호주산 곡물 살치살 스테이크 (냉장), 400g, 1개 **18,260원**(100g당 4,565원) ![Image 145](https://image.coupangcdn.com/image/coupang/rds/logo/xhdpi/logo_fresh_medium.png) 4.5 (10711)](https://www.coupang.com/vp/products/8032860067?vendorItemId=78486692281&sourceType=srp_also_viewed_item&rmdId=cebc4f08eb9f44bab2aa74e845f18d3b&eventLabel=recommendation_widget_pc_srp_001&platform=web&rmdABTestInfo=88611_A,14554_C,88610_B,91997_B,91996_B&rmdValue=p8949870036:vt-1.0.0:p8032860067 \"푸드랩플러스 호주산 곡물 살치살 스테이크 (냉장), 400g, 1개\")\n*   [![Image 146: 다맛나go 시즈닝 채끝 스테이크 (냉장), 300g, 2개](https://thumbnail.coupangcdn.com/thumbnails/remote/292x292ex/image/retail/images/fb721609-c871-43cc-9087-ee6dad1020945242786445018829650.png) 다맛나go 시즈닝 채끝 스테이크 (냉장), 300g, 2개 **23,280원**(100g당 3,880원) ![Image 147](https://image.coupangcdn.com/image/coupang/rds/logo/xhdpi/logo_fresh_medium.png) 4.5 (86)](https://www.coupang.com/vp/products/7193487137?vendorItemId=86397235599&sourceType=srp_also_viewed_item&rmdId=cebc4f08eb9f44bab2aa74e845f18d3b&eventLabel=recommendation_widget_pc_srp_001&platform=web&rmdABTestInfo=88611_A,14554_C,88610_B,91997_B,91996_B&rmdValue=p8949870036:vt-1.0.0:p7193487137 \"다맛나go 시즈닝 채끝 스테이크 (냉장), 300g, 2개\")\n*   [![Image 148: 곰곰 호주산 소고기 채끝 스테이크용 (냉장), 300g, 2개](https://thumbnail.coupangcdn.com/thumbnails/remote/292x292ex/image/retail/images/f990544b-4fd1-4ab3-8275-3423466e2c353130070120700450236.png) 곰곰 호주산 소고기 채끝 스테이크용 (냉장), 300g, 2개 **31,020원**(100g당 5,170원) ![Image 149](https://image.coupangcdn.com/image/coupang/rds/logo/xhdpi/logo_fresh_medium.png) 4.5 (383)](https://www.coupang.com/vp/products/8308632347?vendorItemId=91208284163&sourceType=srp_also_viewed_item&rmdId=cebc4f08eb9f44bab2aa74e845f18d3b&eventLabel=recommendation_widget_pc_srp_001&platform=web&rmdABTestInfo=88611_A,14554_C,88610_B,91997_B,91996_B&rmdValue=p8949870036:vt-1.0.0:p8308632347 \"곰곰 호주산 소고기 채끝 스테이크용 (냉장), 300g, 2개\")\n*   [![Image 150: 미트지엥 건강한 소고기 채끝 시즈닝 스테이크 (냉장), 200g, 5개](https://thumbnail.coupangcdn.com/thumbnails/remote/292x292ex/image/retail/images/49f42dcd-6fab-4e40-8cbb-b4ae3bc45ddc2189524916905620385.png) 미트지엥 건강한 소고기 채끝 시즈닝 스테이크 (냉장), 200g, 5개 **49,000원**(100g당 4,900원) ![Image 151](https://image.coupangcdn.com/image/coupang/rds/logo/xhdpi/logo_fresh_medium.png) 4.5 (1190)](https://www.coupang.com/vp/products/6904811367?vendorItemId=86350321616&sourceType=srp_also_viewed_item&rmdId=cebc4f08eb9f44bab2aa74e845f18d3b&eventLabel=recommendation_widget_pc_srp_001&platform=web&rmdABTestInfo=88611_A,14554_C,88610_B,91997_B,91996_B&rmdValue=p8949870036:vt-1.0.0:p6904811367 \"미트지엥 건강한 소고기 채끝 시즈닝 스테이크 (냉장), 200g, 5개\")\n*   [![Image 152: [고기전문회사] 국내산 육우 채끝등심400g, 1개, 400g 두께(3cm)](https://thumbnail.coupangcdn.com/thumbnails/remote/292x292ex/image/vendor_inventory/f047/5ce6823ec0b927e766ef306bd6493be473728fb8ab2fc25fb1d682b1d63b.jpg) [고기전문회사] 국내산 육우 채끝등심400g, 1개, 400g 두께(3cm) **15,900원**(100g당 3,975원) 4.5 (42)](https://www.coupang.com/vp/products/2275930289?vendorItemId=71890038755&sourceType=srp_also_viewed_item&rmdId=cebc4f08eb9f44bab2aa74e845f18d3b&eventLabel=recommendation_widget_pc_srp_001&platform=web&rmdABTestInfo=88611_A,14554_C,88610_B,91997_B,91996_B&rmdValue=p8949870036:vt-1.0.0:p2275930289 \"[고기전문회사] 국내산 육우 채끝등심400g, 1개, 400g 두께(3cm)\")\n*   [![Image 153: 농협안심한우 숙성등심 1등급 구이용 (냉장), 200g, 1개](https://thumbnail.coupangcdn.com/thumbnails/remote/292x292ex/image/retail/images/52410728553875-d58962b1-1b8a-45a4-a77f-aaa59b0f9534.jpg) 농협안심한우 숙성등심 1등급 구이용 (냉장), 200g, 1개 **15,890원**(100g당 7,945원) ![Image 154](https://image.coupangcdn.com/image/coupang/rds/logo/xhdpi/logo_fresh_medium.png) 4.5 (6038)](https://www.coupang.com/vp/products/7075134057?vendorItemId=84749286551&sourceType=srp_also_viewed_item&rmdId=cebc4f08eb9f44bab2aa74e845f18d3b&eventLabel=recommendation_widget_pc_srp_001&platform=web&rmdABTestInfo=88611_A,14554_C,88610_B,91997_B,91996_B&rmdValue=p8949870036:vt-1.0.0:p7075134057 \"농협안심한우 숙성등심 1등급 구이용 (냉장), 200g, 1개\")\n*   [![Image 155: 한국농수축산 한우 1등급 소고기 채끝 스테이크 구이용 (냉장), 1개, 250g](https://thumbnail.coupangcdn.com/thumbnails/remote/292x292ex/image/vendor_inventory/2f4c/9e5df5eec5c6647c91c11500e4f3181b86d1baa695c509e69da5a977fb35.jpg) 한국농수축산 한우 1등급 소고기 채끝 스테이크 구이용 (냉장), 1개, 250g **27,400원**(100g당 10,960원) 5 (15)](https://www.coupang.com/vp/products/9087361535?vendorItemId=93673991632&sourceType=srp_also_viewed_item&rmdId=cebc4f08eb9f44bab2aa74e845f18d3b&eventLabel=recommendation_widget_pc_srp_001&platform=web&rmdABTestInfo=88611_A,14554_C,88610_B,91997_B,91996_B&rmdValue=p8949870036:vt-1.0.0:p9087361535 \"한국농수축산 한우 1등급 소고기 채끝 스테이크 구이용 (냉장), 1개, 250g\")\n*   [![Image 156: 1++ 최고급 투뿔 한우 모듬세트 500g 부채살 채끝 특수부위 구이용 소고기, 1개](https://thumbnail.coupangcdn.com/thumbnails/remote/292x292ex/image/vendor_inventory/fa8b/67f7e30dcc5c5199f02c5e180af2bfdc42e7df87c9d6addc2d9f3ded3415.png) 1++ 최고급 투뿔 한우 모듬세트 500g 부채살 채끝 특수부위 구이용 소고기, 1개 **39,800원**(100g당 7,960원) 4.5 (438)](https://www.coupang.com/vp/products/8715512561?vendorItemId=92090774465&sourceType=srp_also_viewed_item&rmdId=cebc4f08eb9f44bab2aa74e845f18d3b&eventLabel=recommendation_widget_pc_srp_001&platform=web&rmdABTestInfo=88611_A,14554_C,88610_B,91997_B,91996_B&rmdValue=p8949870036:vt-1.0.0:p8715512561 \"1++ 최고급 투뿔 한우 모듬세트 500g 부채살 채끝 특수부위 구이용 소고기, 1개\")\n*   [![Image 157: 호주산 채끝 스테이크용 (냉장), 220g, 4개](https://thumbnail.coupangcdn.com/thumbnails/remote/292x292ex/image/retail/images/86afb0ce-4bf5-4278-8220-fae26a2cf6a38898501555514057395.png) 호주산 채끝 스테이크용 (냉장), 220g, 4개 **42,370원**(100g당 4,815원) ![Image 158](https://image.coupangcdn.com/image/coupang/rds/logo/xhdpi/logo_fresh_medium.png) 4.5 (305)](https://www.coupang.com/vp/products/8308632342?vendorItemId=91208283837&sourceType=srp_also_viewed_item&rmdId=cebc4f08eb9f44bab2aa74e845f18d3b&eventLabel=recommendation_widget_pc_srp_001&platform=web&rmdABTestInfo=88611_A,14554_C,88610_B,91997_B,91996_B&rmdValue=p8949870036:vt-1.0.0:p8308632342 \"호주산 채끝 스테이크용 (냉장), 220g, 4개\")\n*   [![Image 159: 도담우 국내산 부채살 소고기 부채살스테이크 구이용 (와사비솔트 증정), 1개, 200g](https://thumbnail.coupangcdn.com/thumbnails/remote/292x292ex/image/vendor_inventory/03cf/2b5b10f713ad974722978fc5c393606486f5daa04dc2f9fad2e15c7e3963.jpg) 도담우 국내산 부채살 소고기 부채살스테이크 구이용 (와사비솔트 증정), 1개, 200g **14,000원**(100g당 7,000원) 4.5 (6)](https://www.coupang.com/vp/products/9021052232?vendorItemId=93425440499&sourceType=srp_also_viewed_item&rmdId=cebc4f08eb9f44bab2aa74e845f18d3b&eventLabel=recommendation_widget_pc_srp_001&platform=web&rmdABTestInfo=88611_A,14554_C,88610_B,91997_B,91996_B&rmdValue=p8949870036:vt-1.0.0:p9021052232 \"도담우 국내산 부채살 소고기 부채살스테이크 구이용 (와사비솔트 증정), 1개, 200g\")\n*   [![Image 160: 호주산 블랙앵거스 윗등심 구이용 (냉장), 400g, 1개](https://thumbnail.coupangcdn.com/thumbnails/remote/292x292ex/image/retail/images/67635980693960-d56d87f3-d555-4a2b-bdd8-236485d9852b.jpg) 호주산 블랙앵거스 윗등심 구이용 (냉장), 400g, 1개 **14,310원**(100g당 3,578원) ![Image 161](https://image.coupangcdn.com/image/coupang/rds/logo/xhdpi/logo_fresh_medium.png) 4.5 (30106)](https://www.coupang.com/vp/products/1160664032?vendorItemId=70135681525&sourceType=srp_also_viewed_item&rmdId=cebc4f08eb9f44bab2aa74e845f18d3b&eventLabel=recommendation_widget_pc_srp_001&platform=web&rmdABTestInfo=88611_A,14554_C,88610_B,91997_B,91996_B&rmdValue=p8949870036:vt-1.0.0:p1160664032 \"호주산 블랙앵거스 윗등심 구이용 (냉장), 400g, 1개\")\n*   [![Image 162: 다맛나go 시즈닝 살치살 스테이크 (냉장), 300g, 1개](https://thumbnail.coupangcdn.com/thumbnails/remote/292x292ex/image/retail/images/4429900846731249-b8310065-f18e-4a8a-8130-870a2755d27d.jpg) 다맛나go 시즈닝 살치살 스테이크 (냉장), 300g, 1개 **15,590원**(100g당 5,197원) ![Image 163](https://image.coupangcdn.com/image/coupang/rds/logo/xhdpi/logo_fresh_medium.png) 4.5 (272)](https://www.coupang.com/vp/products/7193486327?vendorItemId=85317132368&sourceType=srp_also_viewed_item&rmdId=cebc4f08eb9f44bab2aa74e845f18d3b&eventLabel=recommendation_widget_pc_srp_001&platform=web&rmdABTestInfo=88611_A,14554_C,88610_B,91997_B,91996_B&rmdValue=p8949870036:vt-1.0.0:p7193486327 \"다맛나go 시즈닝 살치살 스테이크 (냉장), 300g, 1개\")\n*   [![Image 164: 도담우 국내산 안심 소고기 안심스테이크 구이용 (와사비솔트 증정), 3개, 200g](https://thumbnail.coupangcdn.com/thumbnails/remote/292x292ex/image/vendor_inventory/757c/861892af05ed21b10366bd589d678df1888ed616b58ae4ad4cf678bba985.png) 도담우 국내산 안심 소고기 안심스테이크 구이용 (와사비솔트 증정), 3개, 200g **54,000원**(100g당 9,000원) 4.5 (15)](https://www.coupang.com/vp/products/9021041693?vendorItemId=93425381661&sourceType=srp_also_viewed_item&rmdId=cebc4f08eb9f44bab2aa74e845f18d3b&eventLabel=recommendation_widget_pc_srp_001&platform=web&rmdABTestInfo=88611_A,14554_C,88610_B,91997_B,91996_B&rmdValue=p8949870036:vt-1.0.0:p9021041693 \"도담우 국내산 안심 소고기 안심스테이크 구이용 (와사비솔트 증정), 3개, 200g\")\n\n다음 상품 보기\n\n[회사소개](https://news.coupang.com/)[Investor Relations](https://ir.aboutcoupang.com/overview/default.aspx)[인재채용](https://rocketyourcareer.kr.coupang.com/)[입점/제휴문의](https://marketplace.coupangcorp.com/s/?utm_source=button_pc&utm_medium=non_paid&utm_campaign=onsite_ca&utm_id=coupang_app?inflow=WEB_FOOTER_B)[공지사항](https://mc.coupang.com/ssr/desktop/contact/notice)[고객의 소리](https://mc.coupang.com/ssr/desktop/contact/voc)[이용약관](https://www.coupang.com/np/policies/terms)[**개인정보 처리방침**](https://privacy.coupang.com/ko/center/coupang)[정보보호/개인정보보호 인증](https://privacy.coupang.com/ko/security/status)[쿠팡페이 이용약관](https://rocketpay.coupang.com/rocketpay/operationTerms/coupangPcFooter)[신뢰관리센터](https://www.coupang.com/np/safety)[제휴마케팅](https://partners.coupang.com/)[광고안내](https://ads.coupang.com/)\n\nGlobal Site\n\n*   [Coupang Taiwan 酷澎台灣](https://www.tw.coupang.com/)\n\n[![Image 165](https://front.coupangcdn.com/front-web-next/_next/static/media/logo.f2c4ccb2.png)](https://www.coupang.com/ \"COUPANG\")\n\n상호명 및 호스팅 서비스 제공 : 쿠팡(주) \n\n 대표이사 : 박대준 \n\n 서울시 송파구 송파대로 570 \n\n 사업자 등록번호 : 120-88-00767 \n\n 통신판매업신고 : 2017-서울송파-0680 \n\n[사업자정보 확인 >](http://www.ftc.go.kr/info/bizinfo/communicationViewPopup.jsp?wrkr_no=1208800767)\n\n[**365고객센터** | 전자금융거래분쟁처리담당 _1577-7011 (유료)_ 서울시 송파구 송파대로 570 email : help@coupang.com](https://mc.coupang.com/ssr/desktop/contact/inquiry)\n\n**채무지급보증 안내**\n\n 당사는 고객님이 현금 결제한 금액에 대해 \n\n 채무지급보증 계약을 체결하여 \n\n 안전거래를 보장하고 있습니다. \n\n[서비스 가입사실 확인 >](https://www.coupang.com/np/etc/popWooriService)\n\n![Image 166](https://front.coupangcdn.com/front-web-next/_next/static/media/5.73affd35.png)\n\n![Image 167](https://front.coupangcdn.com/front-web-next/_next/static/media/6.901d77a5.png)\n\n사이버몰 내 판매되는 상품 중에는 쿠팡에 등록한 개별 판매자가 판매하는 마켓플레이스(오픈마켓) 상품이 포함되어 있습니다. \n\n 마켓플레이스(오픈마켓) 상품의 경우 쿠팡은 통신판매중개자이며 통신판매의 당사자가 아닙니다. \n\n 쿠팡은 마켓플레이스(오픈마켓) 상품, 거래정보 및 거래 등에 대하여 책임을 지지 않습니다. \n\n 쿠팡은 소비자 보호와 안전거래를 위해 신뢰관리센터(CM112@coupang.com)를 운영하고 있으며, 관련 분쟁이 발생할 경우 별도의 분쟁 처리절차에 의거 분쟁이 처리됩니다. \n\n Copyright © Coupang Corp. 2010-2025 All Rights Reserved.\n\n*   [![Image 168](https://front.coupangcdn.com/front-web-next/_next/static/media/f.34bde318.png)](https://www.facebook.com/Coupang.korea)\n*   [![Image 169](https://front.coupangcdn.com/front-web-next/_next/static/media/b.637cda1c.png)](https://news.coupang.com/)\n*   [![Image 170](https://front.coupangcdn.com/front-web-next/_next/static/media/s.a7aca4ea.png)](https://www.instagram.com/coupang)"
      },
      {
        "platform": "coupang",
        "title": "한우혼합세트 - 정육 | 쿠팡",
        "url": "https://www.coupang.com/np/categories/196412",
        "snippet": "Image 172: 농협안심한우 1등급 등심 200g + 채끝 200g + 갈비살 200g + 부채살 200g + 살치살 200g (냉장), 1세트 농협안심한우 1등급 등심 200g + 채끝 200g + 갈비살 200g + 부채살 200g + 살치살 200g (냉장), 1세트 11%~~169,000원~~149,000원 Image 173: 로켓배송 (1세트당 149,000원) 내일(일) 새벽 도착 보장 5 (52) Image 174: 최대 1,045원 적립최대 7,400원 적립\n   Image 175: 한우 사골(1kg)+잡뼈(1kg)+꼬리반골(1kg) 총3kg, 없음무료배송 한우 사골(1kg)+잡뼈(1kg)+꼬리반골(1kg) 총3kg, 없음 17,900원 12/4(목) 도착 예정 Image 176: 최대 1,045원 적립최대 895원 적립 [...] Image 167: 농협안심한우 1등급 등심 200g 2p + 불고기 300g 2p + 국거리 300g (냉장), 1세트 농협안심한우 1등급 등심 200g 2p + 불고기 300g 2p + 국거리 300g (냉장), 1세트 15%~~129,000원~~109,000원 Image 168: 로켓배송 (1세트당 109,000원) 내일(일) 새벽 도착 보장 5 (36) Image 169: 최대 1,045원 적립최대 5,400원 적립\n   Image 170: 저스트딜 배터짐 특미 쫄깃한 삶은 한우막내장 세절 유창 식도근 오드레기 막창 500g 일요일 당일발송, 1개, 1g무료배송 저스트딜 배터짐 특미 쫄깃한 삶은 한우막내장 세절 유창 식도근 오드레기 막창 500g 일요일 당일발송, 1개, 1g 16,090원 (100g당 1,609,000원) 12/3(수) 도착 예정 Image 171: 최대 1,045원 적립최대 805원 적립 [...] [![Image 148: [홈쇼핑] 강병원 한우 투뿔 스테이크, 9개]( [홈쇼핑] 강병원 한우 투뿔 스테이크, 9개 할인 11%~~69,900원~~62,210원 (1세트당 6,912원) 12/3(수) 도착 예정 4 (150) Image 149: 최대 1,045원 적립최대 3,110원 적립](\n   Image 150: 한우선물세트 소고기 갈비살 꽃등심 양지 채끝살 불고기 (주)성진한우, 실속모둠세트 450g(선물포장X), 1세트무료배송 한우선물세트 소고기 갈비살 꽃등심 양지 채끝살 불고기 (주)성진한우, 실속모둠세트 450g(선물포장X), 1세트 58%~~120,000원~~49,900원 (1세트당 49,900원) 12/3(수) 도착 예정 5 (623) Image 151: 최대 1,045원 적립최대 2,495원 적립",
        "score": 0.42648935,
        "timestamp": "2025-11-29T02:23:22.759323",
        "raw_content": "한우혼합세트 - 정육 | 쿠팡\n\n===============\n\n[![Image 1](https://static.coupangcdn.com/ea/cmg_paperboy/image/1646271114206/C0-Left_basic.jpg)](https://www.coupang.com/np/campaigns/82?adType=DA&eventId=Rjk2RldsfpFXocke)[![Image 2](https://static.coupangcdn.com/ya/cmg_paperboy/image/1764139787980/C0.jpg)](https://pages.coupang.com/p/157429?adType=DA&eventId=PSoHGjQuFFaKzKFI)\n\n[X](https://www.coupang.com/np/categories/196412)\n\n*   [판매자 가입](https://wing.coupang.com/tenants/vendor-signup/signup?utm_source=button_pc_coupang_app_category_3&utm_medium=non_paid&utm_id=onsite_ca&utm_content=20240328)\n*   [고객센터](https://mc.coupang.com/ssr/desktop/contact/faq)\n[자주묻는 질문](https://mc.coupang.com/ssr/desktop/contact/faq)[1:1 채팅문의](https://mc.coupang.com/ssr/desktop/contact/inquiry)[고객의 소리](https://mc.coupang.com/ssr/desktop/contact/voc)[취소 / 반품 안내](https://www.coupang.com/returnPolicy.pang)\n\n*   [회원가입](https://login.coupang.com/login/memberJoinFrm.pang \"회원가입\")\n*   [로그인](https://login.coupang.com/login/login.pang?rtnUrl=https%3A%2F%2Fwww.coupang.com%2Fnp%2Fpost%2Flogin%3Fr%3Dhttp%253A%252F%252Fwww.coupang.com%252Fnp%252Fcategories%252F196412 \"로그인\")\n*   [즐겨찾기](https://www.coupang.com/np/categories/196412)\n*   [입점신청](https://www.coupang.com/np/categories/196412)\n[오픈마켓](https://marketplace.coupangcorp.com/s/?utm_source=button_pc&utm_medium=non_paid&utm_campaign=onsite_ca&utm_id=coupang_app)[여행·티켓](https://with.coupang.com/contract/initialize)[로켓배송](https://supplier.coupang.com/welcome/join)[제휴마케팅](https://partners.coupang.com/)[로켓그로스](https://sell.coupang.com/?utm_source=web_button_pc_rg&utm_medium=referral&utm_campaign=onsite_lead&utm_id=coupang_web?inflow=WEB_HEADER_B)\n\n.\n\n카테고리\n\n쇼핑\n\n티켓\n\n테마관\n\n*   [입점/판매 신청](https://wing.coupang.com/tenants/vendor-signup/signup?utm_source=button_pc_coupang_app_category_3&utm_medium=non_paid&utm_id=onsite_ca&utm_content=20240328)\n\n[![Image 3: Coupang](https://image7.coupangcdn.com/image/coupang/common/logo_coupang_w350.png)](https://www.coupang.com/)\n\n[전체](https://www.coupang.com/np/categories/196412)\n\n전체삭제 최근검색어끄기\n\n[](https://www.coupang.com/np/categories/196412)![Image 4](https://front.coupangcdn.com/front-web-next/_next/static/media/search.85cd3dbf.png)\n*   [![Image 5](https://front.coupangcdn.com/front-web-next/_next/static/media/person.07e45e52.png)마이쿠팡](https://mc.coupang.com/ssr/desktop/order/list)\n[주문목록](https://mc.coupang.com/ssr/desktop/order/list)[취소/반품](https://mc.coupang.com/ssr/desktop/cancel-return-exchange/list)[찜 리스트](https://wish-web.coupang.com/wishInitView.pang)\n\n*   [![Image 6](https://front.coupangcdn.com/front-web-next/_next/static/media/cart.ccef8f9e.png)_0_ 장바구니](https://cart.coupang.com/cartView.pang)\n\n  \n\n    *   장바구니에 담긴 상품이 없습니다.\n\n[장바구니 전체보기](https://cart.coupang.com/cartView.pang)\n\n[](https://www.coupang.com/np/categories/196412)\n\n*   [![Image 7: 쿠팡플레이](https://image.coupangcdn.com/image/coupang/home/icons/web/kr/coupang-play.png)쿠팡플레이](https://www.coupangplay.com/catalog)\n*   [![Image 8: 로켓배송](https://image.coupangcdn.com/image/coupang/home/icons/web/kr/rocket-delivery.png)로켓배송](https://www.coupang.com/np/campaigns/82)\n*   [![Image 9: 로켓프레시](https://image.coupangcdn.com/image/coupang/home/icons/web/kr/rocket-fresh.png)로켓프레시](https://www.coupang.com/np/categories/393760)\n*   [![Image 10: 크리스마스](https://image.coupangcdn.com/image/coupang/home/icons/Christmas/Christmas_PC_2025.png)크리스마스](https://pages.coupang.com/p/158677)\n*   [![Image 11: 다시 구매](https://image.coupangcdn.com/image/coupang/common/fbi_icon_3x.png)다시 구매](https://www.coupang.com/np/fbi?sourceType=home_section_fbi)\n*   [![Image 12: 쿠팡비즈](https://image.coupangcdn.com/image/coupang/home/icons/web/kr/biz.png)쿠팡비즈](https://login.coupang.com/corporation/member/landing-page)\n*   [![Image 13: 로켓직구](https://image.coupangcdn.com/image/coupang/home/icons/web/kr/oversea-delivery.png)로켓직구](https://www.coupang.com/np/coupangglobal)\n*   [![Image 14: 골드박스](https://image.coupangcdn.com/image/coupang/home/icons/web/kr/gold-box.png)골드박스](https://pages.coupang.com/p/121237?sourceType=gm_crm_goldbox&subSourceType=gm_crm_gwsrtcut)\n*   [![Image 15: 이달의신상](https://image.coupangcdn.com/image/coupang/home/icons/web/kr/new-item-of-month.png)이달의신상](https://pages.coupang.com/p/136938)\n*   [![Image 16: 판매자특가](https://image.coupangcdn.com/image/coupang/home/icons/web/kr/omp.png)판매자특가](https://www.coupang.com/np/omp)\n*   [![Image 17: 와우회원할인](https://image.coupangcdn.com/image/coupang/home/icons/web/kr/wow.png)와우회원할인](https://www.coupang.com/np/campaigns/83)\n*   [![Image 18: 이벤트/쿠폰](https://image.coupangcdn.com/image/coupang/home/icons/web/kr/benefit.png)이벤트/쿠폰](https://www.coupang.com/np/coupangbenefit)\n*   [![Image 19: 반품마켓](https://image.coupangcdn.com/image/coupang/home/icons/web/kr/returned-market.png)반품마켓](https://pages.coupang.com/p/54908)\n*   [![Image 20: 착한상점](https://image.coupangcdn.com/image/coupang/home/icons/web/kr/sustainable-market.png)착한상점](https://pages.coupang.com/p/63240)\n*   [![Image 21: 기획전](https://image.coupangcdn.com/image/coupang/home/icons/web/kr/event.png)기획전](https://pages.coupang.com/p/bep?sourceType=gm_crm_oms&subSourceType=gm_crm_gwsrtcut)\n*   [![Image 22: 쿠팡트래블](https://image.coupangcdn.com/image/coupang/home/icons/web/kr/travel.png)쿠팡트래블](https://trip.coupang.com/?channel=gnb)\n*   [![Image 23: 입점신청](https://image.coupangcdn.com/image/coupang/home/icons/web/kr/sell-on-coupang.png)입점신청](https://wing.coupang.com/tenants/vendor-signup/signup?utm_source=button_pc_coupang_shortcut_1&utm_medium=non_paid&utm_id=onsite_ca&utm_content=202411)\n\n[](https://www.coupang.com/np/categories/196412)\n\n[전체](https://www.coupang.com/np/categories/196412#)\n*   [전체](https://www.coupang.com/np/categories/196412#)\n\n전체삭제 최근검색어끄기\n\n[](https://www.coupang.com/np/categories/196412)![Image 24](https://front.coupangcdn.com/front-web-next/_next/static/media/search.85cd3dbf.png)\n\n[](https://www.coupang.com/np/categories/196412)\n\n*   [![Image 25: 쿠팡플레이](https://image.coupangcdn.com/image/coupang/home/icons/web/kr/coupang-play.png)쿠팡플레이](https://www.coupangplay.com/catalog)\n*   [![Image 26: 로켓배송](https://image.coupangcdn.com/image/coupang/home/icons/web/kr/rocket-delivery.png)로켓배송](https://www.coupang.com/np/campaigns/82)\n*   [![Image 27: 로켓프레시](https://image.coupangcdn.com/image/coupang/home/icons/web/kr/rocket-fresh.png)로켓프레시](https://www.coupang.com/np/categories/393760)\n*   [![Image 28: 크리스마스](https://image.coupangcdn.com/image/coupang/home/icons/Christmas/Christmas_PC_2025.png)크리스마스](https://pages.coupang.com/p/158677)\n*   [![Image 29: 다시 구매](https://image.coupangcdn.com/image/coupang/common/fbi_icon_3x.png)다시 구매](https://www.coupang.com/np/fbi?sourceType=home_section_fbi)\n*   [![Image 30: 쿠팡비즈](https://image.coupangcdn.com/image/coupang/home/icons/web/kr/biz.png)쿠팡비즈](https://login.coupang.com/corporation/member/landing-page)\n*   [![Image 31: 로켓직구](https://image.coupangcdn.com/image/coupang/home/icons/web/kr/oversea-delivery.png)로켓직구](https://www.coupang.com/np/coupangglobal)\n*   [![Image 32: 골드박스](https://image.coupangcdn.com/image/coupang/home/icons/web/kr/gold-box.png)골드박스](https://pages.coupang.com/p/121237?sourceType=gm_crm_goldbox&subSourceType=gm_crm_gwsrtcut)\n*   [![Image 33: 이달의신상](https://image.coupangcdn.com/image/coupang/home/icons/web/kr/new-item-of-month.png)이달의신상](https://pages.coupang.com/p/136938)\n*   [![Image 34: 판매자특가](https://image.coupangcdn.com/image/coupang/home/icons/web/kr/omp.png)판매자특가](https://www.coupang.com/np/omp)\n*   [![Image 35: 와우회원할인](https://image.coupangcdn.com/image/coupang/home/icons/web/kr/wow.png)와우회원할인](https://www.coupang.com/np/campaigns/83)\n*   [![Image 36: 이벤트/쿠폰](https://image.coupangcdn.com/image/coupang/home/icons/web/kr/benefit.png)이벤트/쿠폰](https://www.coupang.com/np/coupangbenefit)\n*   [![Image 37: 반품마켓](https://image.coupangcdn.com/image/coupang/home/icons/web/kr/returned-market.png)반품마켓](https://pages.coupang.com/p/54908)\n*   [![Image 38: 착한상점](https://image.coupangcdn.com/image/coupang/home/icons/web/kr/sustainable-market.png)착한상점](https://pages.coupang.com/p/63240)\n*   [![Image 39: 기획전](https://image.coupangcdn.com/image/coupang/home/icons/web/kr/event.png)기획전](https://pages.coupang.com/p/bep?sourceType=gm_crm_oms&subSourceType=gm_crm_gwsrtcut)\n*   [![Image 40: 쿠팡트래블](https://image.coupangcdn.com/image/coupang/home/icons/web/kr/travel.png)쿠팡트래블](https://trip.coupang.com/?channel=gnb)\n*   [![Image 41: 입점신청](https://image.coupangcdn.com/image/coupang/home/icons/web/kr/sell-on-coupang.png)입점신청](https://wing.coupang.com/tenants/vendor-signup/signup?utm_source=button_pc_coupang_shortcut_1&utm_medium=non_paid&utm_id=onsite_ca&utm_content=202411)\n\n[](https://www.coupang.com/np/categories/196412)\n\n*   [쿠팡 홈](https://www.coupang.com/)\n*   [식품](https://www.coupang.com/np/categories/194276)\n*   [식품 선물세트](https://www.coupang.com/np/categories/196393)\n*   [정육](https://www.coupang.com/np/categories/196407)\n*   [한우혼합세트](https://www.coupang.com/np/categories/196412)\n\n#### 필터\n\n*   ![Image 42: rocket_luxury,rocket,coupang_global](https://image.coupangcdn.com/image/badges/falcon/v1/web/rocket-all@2x.png) \n\n    *   ![Image 43: rocket_luxury](https://image.coupangcdn.com/image/coupang/rds/logo/iphone_2x/rds_logo_rlux_light_101719300269126@2x.png)만 보기 \n    *   ![Image 44: rocket](https://image.coupangcdn.com/image/badges/falcon/v1/web/txt_rocket@2x.png)만 보기 \n    *   ![Image 45: coupang_global](https://image.coupangcdn.com/image/badges/falcon/v1/web/txt_jikgu@2x.png)만 보기 \n\n*   ![Image 46: top_brand](https://image.coupangcdn.com/image/badges/top_brand/c-avenue.svg) \n*   무료배송 \n\n##### 카테고리\n\n*   [식품 선물세트](https://www.coupang.com/np/categories/196393) \n\n    *   [정육](https://www.coupang.com/np/categories/196407) \n\n        *   [한우혼합세트](https://www.coupang.com/np/categories/196412) \n        *   [한우갈비세트](https://www.coupang.com/np/categories/196409) \n        *   [한우등심/불고기세트](https://www.coupang.com/np/categories/196410) \n        *   [한우사골/꼬리세트](https://www.coupang.com/np/categories/196411) \n        *   [수입소고기세트](https://www.coupang.com/np/categories/196413) \n        *   [돼지고기선물세트](https://www.coupang.com/np/categories/196414) \n        *   [닭고기/오리고기선물세트](https://www.coupang.com/np/categories/196415) \n        *   [기타축산선물세트](https://www.coupang.com/np/categories/196416) \n\n    *   [과일](https://www.coupang.com/np/categories/196395) \n    *   [나물/버섯](https://www.coupang.com/np/categories/196401) \n    *   [견과](https://www.coupang.com/np/categories/196406) \n    *   [수산/건어물](https://www.coupang.com/np/categories/196417) \n    *   [커피/차/음료](https://www.coupang.com/np/categories/196423) \n    *   [과자/간식](https://www.coupang.com/np/categories/196428) \n    *   [즉석/가공식품](https://www.coupang.com/np/categories/196436) \n    *   [건강](https://www.coupang.com/np/categories/196444) \n\n*   [수입식품관](https://www.coupang.com/np/campaigns/1884) \n*   [건강식품](https://www.coupang.com/np/categories/196076) \n*   [생수/음료](https://www.coupang.com/np/categories/195006) \n*   [커피/원두/차](https://www.coupang.com/np/categories/195142) \n*   [과자/초콜릿/시리얼](https://www.coupang.com/np/categories/195266) \n*   [견과/건과](https://www.coupang.com/np/categories/194373) \n*   [반찬/간편식/대용식](https://www.coupang.com/np/categories/432480) \n*   [면/통조림/가공식품](https://www.coupang.com/np/categories/195443) \n*   [가루/조미료/오일](https://www.coupang.com/np/categories/195576) \n*   [장/소스/드레싱/식초](https://www.coupang.com/np/categories/195694) \n*   [냉장/냉동/간편요리](https://www.coupang.com/np/categories/225461) \n*   [과일](https://www.coupang.com/np/categories/194282) \n*   [축산/계란](https://www.coupang.com/np/categories/194688) \n*   [채소](https://www.coupang.com/np/categories/194432) \n*   [수산물/건어물](https://www.coupang.com/np/categories/194829) \n*   [쌀/잡곡](https://www.coupang.com/np/categories/194627) \n*   [유제품/아이스크림](https://www.coupang.com/np/categories/195783) \n*   [분유/어린이식품](https://www.coupang.com/np/categories/196236) \n*   [창고형매장](https://www.coupang.com/np/campaigns/8234) \n*   [사과식초/땅콩버터 외](https://www.coupang.com/np/categories/492629) \n*   [유기농/친환경](https://www.coupang.com/np/campaigns/10076) \n\n##### 브랜드\n\n*   농협안심한우 \n*   전통참한우 \n*   만블링 \n*   쇠고기집 \n*   횡성축협한우 \n*   한우맘 \n*   횡성한우 \n*   하르방마켓 \n*   푸르젠 \n*   조은장터 \n*   목우촌 \n*   미쓰하누 \n*   어썸 \n*   아이니즈 \n*   대정한우 \n*   우체국쇼핑 \n*   이겼소 \n*   설성목장 \n\n+ 더보기\n\n##### 낱개상품 여부\n\n*   낱개상품 \n\n##### 총 중량\n\n*   300g 이하 \n*   300~500g \n*   500~700g \n*   700g~1kg \n*   1~3kg \n*   3kg 이상 \n\n##### 보관방식\n\n*   냉장보관 \n*   냉동보관 \n*   실온보관 \n\n##### 별점\n\n*   별점 전체 \n*   4점 이상 \n*   3점 이상 \n*   2점 이상 \n*   1점 이상 \n\n##### 가격\n\n*   가격 전체 \n*   7만원 이하 \n*   7만원~14만원 \n*   14만원~21만원 \n*   21만원~28만원 \n*   28만원 이상 \n\n~원 검색 \n\n한우혼합세트\n======\n\n필터\n\n*   쿠팡 랭킹순 설명 _쿠팡 랭킹순은 판매 실적, 사용자 선호도,\n\n상품 정보 충실도 및 검색 정확도 등을\n\n종합적으로 고려한 순위입니다._ \n*   낮은가격순 \n*   높은가격순 \n*   판매량순 \n*   최신순 \n\n*   60 개씩 보기 \n*   120 개씩 보기 \n\n*   [![Image 47: [투뿔 구이용] 마장동 명품 한우선물세트 1++ 소고기모듬세트, 1박스, 1호일반. 투뿔 한우구이](https://thumbnail.coupangcdn.com/thumbnails/remote/230x230ex/image/vendor_inventory/5af8/d9c8c81d26f0198dfc7fbe94ed687c5b0e0344dc48cd142c986311729d47.png)무료배송 [투뿔 구이용] 마장동 명품 한우선물세트 1++ 소고기모듬세트, 1박스, 1호일반. 투뿔 한우구이 28%~~90,000원~~**64,800원** (1세트당 64,800원) 12/2(화) 도착 예정 4 (203) ![Image 48: 최대 1,045원 적립](https://image.coupangcdn.com/image/badges/cashback/web/list-cash-icon@2x.png)최대 3,240원 적립](https://www.coupang.com/vp/products/8528921537?itemId=24694491251&vendorItemId=88440695307&sourceType=CATEGORY&categoryId=196312)\n*   [![Image 49: 투뿔 1++ 특수부위 한우선물세트 구이용 1kg, 1개](https://thumbnail.coupangcdn.com/thumbnails/remote/230x230ex/image/vendor_inventory/0678/63b3b97ed017ec28f8599923f0789ca0511df1e0c6653c6363209ad3942b.jpg)무료배송 투뿔 1++ 특수부위 한우선물세트 구이용 1kg, 1개 쿠폰할인 49%~~179,000원~~**89,900원** (1세트당 89,900원) 12/2(화) 도착 예정 4 (309) ![Image 50: 최대 1,045원 적립](https://image.coupangcdn.com/image/badges/cashback/web/list-cash-icon@2x.png)최대 4,495원 적립](https://www.coupang.com/vp/products/9030867126?itemId=26489389779&vendorItemId=93471007313&sourceType=CATEGORY&categoryId=196312)\n*   [![Image 51: 한우선물세트 1++ 소고기 구이용 650g 진예2호 (꽃등심+부채살+채끝+갈비살), 1세트](https://thumbnail.coupangcdn.com/thumbnails/remote/230x230ex/image/vendor_inventory/bad5/a5e99f0c9dc4ad0ba87e1df8c074cd5044118dffee87501e10b681d9e2be.jpg)무료배송 한우선물세트 1++ 소고기 구이용 650g 진예2호 (꽃등심+부채살+채끝+갈비살), 1세트 쿠폰할인 60%~~279,000원~~**109,000원** (1세트당 109,000원) 12/2(화) 도착 예정 5 (328) ![Image 52: 최대 1,045원 적립](https://image.coupangcdn.com/image/badges/cashback/web/list-cash-icon@2x.png)최대 5,450원 적립](https://www.coupang.com/vp/products/8950887591?itemId=26182665970&vendorItemId=92460497290&sourceType=CATEGORY&categoryId=196312)\n*   [![Image 53: 1++ 한우 특수부위 구이 모듬세트 총600g 소고기한판 투뿔한우 구이용 눈꽃 마블링, 1개, 600g](https://thumbnail.coupangcdn.com/thumbnails/remote/230x230ex/image/vendor_inventory/e83b/0a8c23ce4afb16c1dc6a60387c92d3f8fda6232119c4badf103400b8813e.jpg)무료배송 1++ 한우 특수부위 구이 모듬세트 총600g 소고기한판 투뿔한우 구이용 눈꽃 마블링, 1개, 600g 50%~~59,900원~~**29,900원** (1세트당 29,900원) 12/4(목) 도착 예정 4 (54) ![Image 54: 최대 1,045원 적립](https://image.coupangcdn.com/image/badges/cashback/web/list-cash-icon@2x.png)최대 1,495원 적립](https://www.coupang.com/vp/products/7637451692?itemId=20283892004&vendorItemId=91036516173&sourceType=CATEGORY&categoryId=196312)\n*   [![Image 55: [1등급 투뿔 특가] 한우 선물 세트 모듬 구이 셋트 1++ 소고기 구이용, 1세트](https://thumbnail.coupangcdn.com/thumbnails/remote/230x230ex/image/vendor_inventory/f945/69d2f6b38cfc7468a085ccb2402d794d9dd14faaeb2548a8b1a40f5e94f1.png)무료배송 [1등급 투뿔 특가] 한우 선물 세트 모듬 구이 셋트 1++ 소고기 구이용, 2세트 56%~~252,300원~~**109,700원** (1세트당 54,850원) 12/2(화) 도착 예정 5 (21) ![Image 56: 최대 1,045원 적립](https://image.coupangcdn.com/image/badges/cashback/web/list-cash-icon@2x.png)최대 5,485원 적립](https://www.coupang.com/vp/products/9128861622?itemId=26858964496&vendorItemId=93828671647&sourceType=CATEGORY&categoryId=196312)\n*   [![Image 57: 구이용 투뿔 한우세트 국내산 명품 소고기 선물용, 1) 1++ 한우선물세트 1호, 1세트](https://thumbnail.coupangcdn.com/thumbnails/remote/230x230ex/image/vendor_inventory/06e2/20e6b38443c86a73e6bbaec726d8f339d9c5ec32344258e3bdf017b100fa.png)무료배송 구이용 투뿔 한우세트 국내산 명품 소고기 선물용, 1) 1++ 한우선물세트 1호, 1세트 쿠폰할인 45%~~200,000원~~**109,800원** (1세트당 109,800원) 12/2(화) 도착 예정 4.5 (179) ![Image 58: 최대 1,045원 적립](https://image.coupangcdn.com/image/badges/cashback/web/list-cash-icon@2x.png)최대 5,266원 적립](https://www.coupang.com/vp/products/8248633019?itemId=20049404677&vendorItemId=87246793870&sourceType=CATEGORY&categoryId=196312)\n*   [![Image 59: 농협안심한우 1등급 모듬 구이선물세트 등심 250g + 채끝250g + 부채살200g + 갈비200g, 1세트](https://thumbnail.coupangcdn.com/thumbnails/remote/230x230ex/image/retail/images/438688064823388-4dae0d94-6d3b-4589-87c6-a4446bb2bc20.jpg) 농협안심한우 1등급 모듬 구이선물세트 등심 250g + 채끝250g + 부채살200g + 갈비200g, 1세트 **109,490원** ![Image 60: 로켓배송](https://image.coupangcdn.com/image/badges/falcon/v1/web/rocket-fresh@2x.png) (1세트당 109,490원) 내일(일) 새벽 도착 보장 5 (26) ![Image 61: 최대 1,045원 적립](https://image.coupangcdn.com/image/badges/cashback/web/list-cash-icon@2x.png)최대 5,425원 적립](https://www.coupang.com/vp/products/9024105973?itemId=26462015578&vendorItemId=93437301166&sourceType=CATEGORY&categoryId=196312)\n*   [![Image 62: 소삿슈 한우 투뿔 ++1등급 모듬 세트 600g 등심 특수모듬 치마살 업진살 갈비살 부채살, 1세트](https://thumbnail.coupangcdn.com/thumbnails/remote/230x230ex/image/vendor_inventory/60c2/54d3da45b2dfa390d2aeb9af5ad591b7c9caa3d6f909cfebbb780f4647ea.png)무료배송 소삿슈 한우 투뿔 ++1등급 모듬 세트 600g 등심 특수모듬 치마살 업진살 갈비살 부채살, 1세트 **59,800원** (1세트당 59,800원) 12/3(수) 도착 예정 5 (7) ![Image 63: 최대 1,045원 적립](https://image.coupangcdn.com/image/badges/cashback/web/list-cash-icon@2x.png)최대 2,990원 적립](https://www.coupang.com/vp/products/8988875025?itemId=26327909716&vendorItemId=93254453445&sourceType=CATEGORY&categoryId=196312)\n*   [![Image 64: 전통참한우 1+등급 구이선물세트 등심 250g + 채끝 250g + 부채살 200g + 업진살 200g (냉장), 1세트](https://thumbnail.coupangcdn.com/thumbnails/remote/230x230ex/image/retail/images/1736496231175441-377d5cc9-f58c-49d6-9cfa-f6b2b75b5b6e.jpg) 전통참한우 1+등급 구이선물세트 등심 250g + 채끝 250g + 부채살 200g + 업진살 200g (냉장), 1세트 35%~~199,000원~~**129,000원** ![Image 65: 로켓배송](https://image.coupangcdn.com/image/badges/falcon/v1/web/rocket-fresh@2x.png) (1세트당 129,000원) 내일(일) 새벽 도착 보장 5 (1620) ![Image 66: 최대 1,045원 적립](https://image.coupangcdn.com/image/badges/cashback/web/list-cash-icon@2x.png)최대 6,400원 적립](https://www.coupang.com/vp/products/6936882535?itemId=16807353773&vendorItemId=83987731545&sourceType=CATEGORY&categoryId=196312)\n*   [![Image 67: [최상급] 한우선물세트 1++ 구이용 추석 선물 세트, 1세트](https://thumbnail.coupangcdn.com/thumbnails/remote/230x230ex/image/vendor_inventory/9ab1/5cdadaebfb518406e04156567edc4fe4d994f14f4cd03e26ee719693d2b7.png)무료배송 [최상급] 한우선물세트 1++ 구이용 추석 선물 세트, 1세트 쿠폰할인 37%~~206,400원~~**129,000원** (1세트당 129,000원) 12/4(목) 도착 예정 5 (67) ![Image 68: 최대 1,045원 적립](https://image.coupangcdn.com/image/badges/cashback/web/list-cash-icon@2x.png)최대 6,450원 적립](https://www.coupang.com/vp/products/9035232879?itemId=26506065415&vendorItemId=93539514420&sourceType=CATEGORY&categoryId=196312)\n*   [![Image 69: 투뿔 1++ 1kg 한우세트 생산자 직배송 미경산 암소한우 구이용 꽃등심 채끝살 외 특수부위 3종 경남김해주촌](https://thumbnail.coupangcdn.com/thumbnails/remote/230x230ex/image/vendor_inventory/d0eb/8d3df9d69a2a001e492255ba1d86d7da82116892a3004787d67b9848d541.jpg)무료배송 투뿔 1++ 1kg 한우세트 생산자 직배송 미경산 암소한우 구이용 꽃등심 채끝살 외 특수부위 3종 경남김해주촌 할인 33%~~160,000원~~**105,900원** 12/2(화) 도착 예정 5 (64) ![Image 70: 최대 1,045원 적립](https://image.coupangcdn.com/image/badges/cashback/web/list-cash-icon@2x.png)최대 5,295원 적립](https://www.coupang.com/vp/products/8968363535?itemId=26247092791&vendorItemId=92928456836&sourceType=CATEGORY&categoryId=196312)\n*   [![Image 71: [1등급 투뿔 특가] 한우 선물 세트 모듬 구이 셋트 1++ 소고기 구이용, 1세트](https://thumbnail.coupangcdn.com/thumbnails/remote/230x230ex/image/vendor_inventory/f945/69d2f6b38cfc7468a085ccb2402d794d9dd14faaeb2548a8b1a40f5e94f1.png)무료배송 [1등급 투뿔 특가] 한우 선물 세트 모듬 구이 셋트 1++ 소고기 구이용, 1세트 56%~~148,800원~~**64,700원** (1세트당 64,700원) 12/3(수) 도착 예정 5 (21) ![Image 72: 최대 1,045원 적립](https://image.coupangcdn.com/image/badges/cashback/web/list-cash-icon@2x.png)최대 3,235원 적립](https://www.coupang.com/vp/products/9128861622?itemId=26858964485&vendorItemId=93828671646&sourceType=CATEGORY&categoryId=196312)\n*   [![Image 73: 1++ 투뿔 한우 배부른 구이 모둠 한판 세트 600g + 소스3종 증정, 1세트](https://thumbnail.coupangcdn.com/thumbnails/remote/230x230ex/image/vendor_inventory/d373/29e80bf18865f24f6f9aea5a834eb7b3ffc13c938122ba5abc4230f102a7.jpg)무료배송 1++ 투뿔 한우 배부른 구이 모둠 한판 세트 600g + 소스3종 증정, 1세트 할인 17%~~46,000원~~**37,800원** (1세트당 37,800원) 12/3(수) 도착 예정 4.5 (98) ![Image 74: 최대 1,045원 적립](https://image.coupangcdn.com/image/badges/cashback/web/list-cash-icon@2x.png)최대 1,890원 적립](https://www.coupang.com/vp/products/9096552993?itemId=26738528206&vendorItemId=92268700245&sourceType=CATEGORY&categoryId=196312)\n*   [![Image 75: 농협안심한우 1++등급 구이 선물세트 등심300g + 채끝300g + 안심300g, 1세트](https://thumbnail.coupangcdn.com/thumbnails/remote/230x230ex/image/retail/images/125137527975828-65abec91-15c1-4a67-8d5f-c93d1bacc719.jpg) 농협안심한우 1++등급 구이 선물세트 등심300g + 채끝300g + 안심300g, 1세트 **140,590원** ![Image 76: 로켓배송](https://image.coupangcdn.com/image/badges/falcon/v1/web/rocket-fresh@2x.png) (1세트당 140,590원) 내일(일) 새벽 도착 보장 5 (49) ![Image 77: 최대 1,045원 적립](https://image.coupangcdn.com/image/badges/cashback/web/list-cash-icon@2x.png)최대 7,030원 적립](https://www.coupang.com/vp/products/9025994823?itemId=26471060238&vendorItemId=93446202462&sourceType=CATEGORY&categoryId=196312)\n*   [![Image 78: (배터짐) 명절 선물세트 한우우족 6kg (일요일&당일발송), 1개](https://thumbnail.coupangcdn.com/thumbnails/remote/230x230ex/image/vendor_inventory/6a2f/38a989a52ba698a5a3924408f9aafd90ece5d0b532cc3b694a99efd08fdc.jpg)무료배송 (배터짐) 명절 선물세트 한우우족 6kg (일요일&당일발송), 1개 24%~~40,000원~~**30,010원** (1세트당 30,010원) 12/2(화) 도착 예정 4.5 (55) ![Image 79: 최대 1,045원 적립](https://image.coupangcdn.com/image/badges/cashback/web/list-cash-icon@2x.png)최대 1,500원 적립](https://www.coupang.com/vp/products/8703150521?itemId=25274107662&vendorItemId=90985497714&sourceType=CATEGORY&categoryId=196312)\n*   [![Image 80: [프리미엄포장] 한우선물세트 1++ 구이용 800g, 1박스](https://thumbnail.coupangcdn.com/thumbnails/remote/230x230ex/image/vendor_inventory/151c/79c9dffa30c168d5275c09b71969190303396a3bf85fdbdbf93eeae140aa.jpg)무료배송 [프리미엄포장] 한우선물세트 1++ 구이용 800g, 1박스 할인 60%~~250,000원~~**99,700원** (1세트당 99,700원) 12/4(목) 도착 예정 5 (74) ![Image 81: 최대 1,045원 적립](https://image.coupangcdn.com/image/badges/cashback/web/list-cash-icon@2x.png)최대 4,383원 적립](https://www.coupang.com/vp/products/9034947773?itemId=26504911301&vendorItemId=93479572668&sourceType=CATEGORY&categoryId=196312)\n*   [![Image 82: 한우선물세트 소고기 갈비살 꽃등심 양지 채끝살 불고기 (주)성진한우, 실속모둠세트 450g(고급형선물포장), 1개](https://thumbnail.coupangcdn.com/thumbnails/remote/230x230ex/image/vendor_inventory/6da1/ece1709c28c51c565af5cde93a0819b5f0950a55a16e3ca44f16d5baa646.jpg)무료배송 한우선물세트 소고기 갈비살 꽃등심 양지 채끝살 불고기 (주)성진한우, 실속모둠세트 450g(고급형선물포장), 1개 54%~~132,900원~~**59,900원** (1세트당 59,900원) 12/3(수) 도착 예정 5 (623) ![Image 83: 최대 1,045원 적립](https://image.coupangcdn.com/image/badges/cashback/web/list-cash-icon@2x.png)최대 2,995원 적립](https://www.coupang.com/vp/products/8244257202?itemId=20132815091&vendorItemId=85575966782&sourceType=CATEGORY&categoryId=196312)\n*   [![Image 84: [홈쇼핑] 강병원 한우 투뿔 스테이크, 3개](https://thumbnail.coupangcdn.com/thumbnails/remote/230x230ex/image/vendor_inventory/71de/d31502d076461d37b69978c7c019e00252a7bba4bf5c252f60f88f2d2f56.JPG)무료배송 [홈쇼핑] 강병원 한우 투뿔 스테이크, 3개 16%~~39,900원~~**33,460원** (1세트당 11,153원) 12/5(금) 도착 예정 4 (150) ![Image 85: 최대 1,045원 적립](https://image.coupangcdn.com/image/badges/cashback/web/list-cash-icon@2x.png)최대 1,673원 적립](https://www.coupang.com/vp/products/8314860580?itemId=25362620665&vendorItemId=92356880537&sourceType=CATEGORY&categoryId=196312)\n*   [![Image 86: [1등급 투뿔 특가] 한우 모듬 구이 세트 혼합 1++ 소고기 구이용, 1세트](https://thumbnail.coupangcdn.com/thumbnails/remote/230x230ex/image/vendor_inventory/e221/a3335f26ce6f4aed9fcdb82167ee2bc3f8193a220f0bcf2740a9228c0d46.png)무료배송 [1등급 투뿔 특가] 한우 모듬 구이 세트 혼합 1++ 소고기 구이용, 1세트 56%~~125,800원~~**54,700원** (1세트당 54,700원) 12/2(화) 도착 예정 5 (17) ![Image 87: 최대 1,045원 적립](https://image.coupangcdn.com/image/badges/cashback/web/list-cash-icon@2x.png)최대 2,735원 적립](https://www.coupang.com/vp/products/9145993706?itemId=26925849825&vendorItemId=93895119986&sourceType=CATEGORY&categoryId=196312)\n*   [![Image 88: [한우이츠] 한우 1++등급 특수부위, 1++ 한우 특수부위 300g, 1개](https://thumbnail.coupangcdn.com/thumbnails/remote/230x230ex/image/vendor_inventory/97e4/8f557f6bd4b3dffa0a2cdc775acd68e3df3cddbda8d35a9777238fa7521d.jpg) [한우이츠] 한우 1++등급 특수부위, 1++ 한우 특수부위 300g, 1개 쿠폰할인 38%~~33,100원~~**20,280원** (100g당 6,760원) 12/2(화) 도착 예정 4 (48) ![Image 89: 최대 1,045원 적립](https://image.coupangcdn.com/image/badges/cashback/web/list-cash-icon@2x.png)최대 1,014원 적립](https://www.coupang.com/vp/products/8402243101?itemId=22011982247&vendorItemId=93934660875&sourceType=CATEGORY&categoryId=196312)\n*   [![Image 90: 농협안심한우 1++등급 안심특선 22호 1.2kg (등심 200gx2 + 채끝 200gx2 + 갈비살 200gx2) (냉장), 1세트](https://thumbnail.coupangcdn.com/thumbnails/remote/230x230ex/image/rs_quotation_api/piebeswn/bf44b7abdaa84dca9eb678d8547f035c.JPG) 농협안심한우 1++등급 안심특선 22호 1.2kg (등심 200gx2 + 채끝 200gx2 + 갈비살 200gx2) (냉장), 1세트 16%~~229,000원~~**190,990원** ![Image 91: 로켓배송](https://image.coupangcdn.com/image/badges/falcon/v1/web/rocket-fresh@2x.png) (1세트당 190,990원) 내일(일) 새벽 도착 보장 4.5 (178) ![Image 92: 최대 1,045원 적립](https://image.coupangcdn.com/image/badges/cashback/web/list-cash-icon@2x.png)최대 9,500원 적립](https://www.coupang.com/vp/products/8297813893?itemId=24675317985&vendorItemId=90956506093&sourceType=CATEGORY&categoryId=196312)\n*   [![Image 93: 투뿔 한우 구이용 갈비살 세트 1++(8)등급 살치살 갈비살 부모님선물 집들이선물 당신애한우, 1개](https://thumbnail.coupangcdn.com/thumbnails/remote/230x230ex/image/vendor_inventory/7edc/37180353dbfe50b0343a5ab4093952d1f17869827df075a6a4fb4631735b.jpg)무료배송 투뿔 한우 구이용 갈비살 세트 1++(8)등급 살치살 갈비살 부모님선물 집들이선물 당신애한우, 1개 18%~~53,900원~~**43,900원** (1세트당 43,900원) 12/2(화) 도착 예정 5 (49) ![Image 94: 최대 1,045원 적립](https://image.coupangcdn.com/image/badges/cashback/web/list-cash-icon@2x.png)최대 2,195원 적립](https://www.coupang.com/vp/products/8906609818?itemId=26013250038&vendorItemId=92995112159&sourceType=CATEGORY&categoryId=196312)\n*   [![Image 95: 농협안심한우 1++등급 안심특선 23호 총1kg 등심200g + 채끝200g + 갈비살200g + 부채살200g + 살치살200g, 1세트](https://thumbnail.coupangcdn.com/thumbnails/remote/230x230ex/image/retail/images/400278367227256-9fd366f5-9aec-4e89-93d8-f9e030fcddc4.JPG) 농협안심한우 1++등급 안심특선 23호 총1kg 등심200g + 채끝200g + 갈비살200g + 부채살200g + 살치살200g, 1세트 16%~~199,000원~~**166,000원** ![Image 96: 로켓배송](https://image.coupangcdn.com/image/badges/falcon/v1/web/rocket-fresh@2x.png) (1세트당 166,000원) 내일(일) 새벽 도착 보장 5 (657) ![Image 97: 최대 1,045원 적립](https://image.coupangcdn.com/image/badges/cashback/web/list-cash-icon@2x.png)최대 8,250원 적립](https://www.coupang.com/vp/products/8297813889?itemId=23934531628&vendorItemId=90956506085&sourceType=CATEGORY&categoryId=196312)\n*   [![Image 98: 국내산 프리미엄 1+ 한우 선물세트 꽃등심/살치살/등심/안심/채끝/치마/부채 외 구이용 단체, 1세트, 3.최상 1+등급 [1kg] 혼합세트](https://thumbnail.coupangcdn.com/thumbnails/remote/230x230ex/image/vendor_inventory/ceb0/09b26bf37e4f2a50ff5a026fdcee7aa75661ecff85572673a402cc468e4e.jpg)무료배송 국내산 프리미엄 1+ 한우 선물세트 꽃등심/살치살/등심/안심/채끝/치마/부채 외 구이용 단체, 1세트, 1.최상 1+한판모듬 28%~~125,000원~~**89,000원** (1세트당 89,000원) 12/2(화) 도착 예정 4.5 (594) ![Image 99: 최대 1,045원 적립](https://image.coupangcdn.com/image/badges/cashback/web/list-cash-icon@2x.png)최대 4,450원 적립](https://www.coupang.com/vp/products/9018812708?itemId=26441573818&vendorItemId=82743116236&sourceType=CATEGORY&categoryId=196312)\n*   [![Image 100: 마장동 한우이츠 1++등급 한우선물세트, 1개, 프리미엄 1호(일반 감사장), 1kg](https://thumbnail.coupangcdn.com/thumbnails/remote/230x230ex/image/vendor_inventory/2736/74ea2d254d0bc7d64e35b8a811b8837792a1514f9e18132c0dbf09f34f80.jpg)무료배송 마장동 한우이츠 1++등급 한우선물세트, 1개, 프리미엄 1호(일반 감사장), 1kg 쿠폰할인 28%~~167,700원~~**119,770원** (1세트당 119,770원) 12/2(화) 도착 예정 4.5 (129) ![Image 101: 최대 1,045원 적립](https://image.coupangcdn.com/image/badges/cashback/web/list-cash-icon@2x.png)최대 5,989원 적립](https://www.coupang.com/vp/products/9039124147?itemId=26519443578&vendorItemId=90980163819&sourceType=CATEGORY&categoryId=196312)\n*   [![Image 102: 1++ 투뿔 한우 구이 배부른 모둠 한판 2종 세트 800g, 1세트](https://thumbnail.coupangcdn.com/thumbnails/remote/230x230ex/image/vendor_inventory/0d6a/e3db063e00c120677464de8f7178e589e1c562a0728a72ad7078abbeba22.jpg)무료배송 1++ 투뿔 한우 구이 배부른 모둠 한판 2종 세트 800g, 1세트 할인 18%~~55,000원~~**44,910원** (1세트당 44,910원) 12/3(수) 도착 예정 4 (277) ![Image 103: 최대 1,045원 적립](https://image.coupangcdn.com/image/badges/cashback/web/list-cash-icon@2x.png)최대 2,245원 적립](https://www.coupang.com/vp/products/9096269429?itemId=26737221270&vendorItemId=92060525204&sourceType=CATEGORY&categoryId=196312)\n*   [![Image 104: 한우 우족 2kg+사골 2kg 총 4kg, 없음, 1개](https://thumbnail.coupangcdn.com/thumbnails/remote/230x230ex/image/vendor_inventory/9beb/95326c02539426acf305790879e6b9cb6e9513018abc365e7cba08e1e194.jpg)무료배송 한우 우족 2kg+사골 2kg 총 4kg, 없음, 1개 **24,900원** (1세트당 24,900원) 12/4(목) 도착 예정 ![Image 105: 최대 1,045원 적립](https://image.coupangcdn.com/image/badges/cashback/web/list-cash-icon@2x.png)최대 1,245원 적립](https://www.coupang.com/vp/products/8412907251?itemId=24326380534&vendorItemId=91342062805&sourceType=CATEGORY&categoryId=196312)\n*   [![Image 106: 쇠고기집 암소 한우 선물세트 소고기 명절선물 4종, 2-A) 금강명작 실속, 1세트](https://thumbnail.coupangcdn.com/thumbnails/remote/230x230ex/image/vendor_inventory/7d22/85a45c2e9a949fb2d0c0d1952d78d1f25f4bfecdce88e5ad970d5c9e28a9.jpg)무료배송 쇠고기집 암소 한우 선물세트 소고기 명절선물 4종, 2-A) 금강명작 실속, 1세트 쿠폰할인 48%~~215,000원~~**109,800원** (1세트당 109,800원) 12/2(화) 도착 예정 4.5 (1562) ![Image 107: 최대 1,045원 적립](https://image.coupangcdn.com/image/badges/cashback/web/list-cash-icon@2x.png)최대 5,490원 적립](https://www.coupang.com/vp/products/8243651028?itemId=6214373681&vendorItemId=89394115337&sourceType=CATEGORY&categoryId=196312)\n*   [![Image 108: [1등급 투뿔 특가] 한우 선물 세트 모듬 구이 셋트 1++ 소고기 구이용, 3세트](https://thumbnail.coupangcdn.com/thumbnails/remote/230x230ex/image/vendor_inventory/image_audit/advertiser/1761634780210/0541e809-23ff-41e8-8160-54951d2f6d6e.png)무료배송 [1등급 투뿔 특가] 한우 선물 세트 모듬 구이 셋트 1++ 소고기 구이용, 3세트 56%~~367,300원~~**159,700원** (1세트당 53,233원) 12/2(화) 도착 예정 5 (21) ![Image 109: 최대 1,045원 적립](https://image.coupangcdn.com/image/badges/cashback/web/list-cash-icon@2x.png)최대 7,985원 적립](https://www.coupang.com/vp/products/9128861622?itemId=26858964491&vendorItemId=93828671648&sourceType=CATEGORY&categoryId=196312)\n*   [![Image 110: 농협안심한우 1등급 등심 200g 2p + 안심 200g + 채끝 200g 2p (냉장), 1세트](https://thumbnail.coupangcdn.com/thumbnails/remote/230x230ex/image/rs_quotation_api/6qijhrl2/04c92a5656454b1883248996682c1d71.JPG) 농협안심한우 1등급 등심 200g 2p + 안심 200g + 채끝 200g 2p (냉장), 1세트 17%~~169,000원~~**139,000원** ![Image 111: 로켓배송](https://image.coupangcdn.com/image/badges/falcon/v1/web/rocket-fresh@2x.png) (1세트당 139,000원) 내일(일) 새벽 도착 보장 5 (56) ![Image 112: 최대 1,045원 적립](https://image.coupangcdn.com/image/badges/cashback/web/list-cash-icon@2x.png)최대 6,900원 적립](https://www.coupang.com/vp/products/8279549468?itemId=23869135085&vendorItemId=90892215227&sourceType=CATEGORY&categoryId=196312)\n*   [![Image 113: 농협안심한우 구이딱조은 갈비살 1++등급 200g x 2개 + 채끝 1++등급 200g 세트 (냉장), 1세트](https://thumbnail.coupangcdn.com/thumbnails/remote/230x230ex/image/rs_quotation_api/n4cm2ltd/c182db40b5cd4bd7873a810c82486073.jpg) 농협안심한우 구이딱조은 갈비살 1++등급 200g x 2개 + 채끝 1++등급 200g 세트 (냉장), 1세트 18%~~109,000원~~**89,340원** ![Image 114: 로켓배송](https://image.coupangcdn.com/image/badges/falcon/v1/web/rocket-fresh@2x.png) (1세트당 89,340원) 내일(일) 새벽 도착 보장 5 (21) ![Image 115: 최대 1,045원 적립](https://image.coupangcdn.com/image/badges/cashback/web/list-cash-icon@2x.png)최대 4,467원 적립](https://www.coupang.com/vp/products/8310711986?itemId=23980507994&vendorItemId=91001686599&sourceType=CATEGORY&categoryId=196312)\n*   [![Image 116: 1++ 한우 투뿔 모듬세트 600g 구이용 최고급, 1개](https://thumbnail.coupangcdn.com/thumbnails/remote/230x230ex/image/vendor_inventory/88f2/a913a1e3d80a010a1aef581b6c2553946d31726d01ecd391db112c92ef03.png)무료배송 1++ 한우 투뿔 모듬세트 600g 구이용 최고급, 1개 할인 57%~~150,000원~~**64,000원** (1세트당 64,000원) 12/2(화) 도착 예정 4.5 (484) ![Image 117: 최대 1,045원 적립](https://image.coupangcdn.com/image/badges/cashback/web/list-cash-icon@2x.png)최대 3,200원 적립](https://www.coupang.com/vp/products/8597589368?itemId=24929521094&vendorItemId=91935697992&sourceType=CATEGORY&categoryId=196312)\n*   [![Image 118: 프리미엄 한우선물세트 1++ 소고기 등급 제주 한우 성산세트 등심 400g + 안심 200g + 갈비살 200g, 1개](https://thumbnail.coupangcdn.com/thumbnails/remote/230x230ex/image/vendor_inventory/28bd/6441b4bfc18592e92ebb64108d610ef24de5d1eaf3c50c7f7cbf89dc19b0.png)무료배송 프리미엄 한우선물세트 1++ 소고기 등급 제주 한우 성산세트 등심 400g + 안심 200g + 갈비살 200g, 1개 24%~~153,000원~~**115,000원** (1세트당 115,000원) 12/3(수) 도착 예정 5 (48) ![Image 119: 최대 1,045원 적립](https://image.coupangcdn.com/image/badges/cashback/web/list-cash-icon@2x.png)최대 5,750원 적립](https://www.coupang.com/vp/products/9116155153?itemId=26813170856&vendorItemId=93783014529&sourceType=CATEGORY&categoryId=196312)\n*   [![Image 120: 농협안심한우 구이딱조은 갈비살 1+등급 200g x 2개 + 등심 1+등급 200g 세트 (냉장), 1세트](https://thumbnail.coupangcdn.com/thumbnails/remote/230x230ex/image/rs_quotation_api/rgm2mcsu/2618f1a405554fccb96e2dcedb3a1bd9.jpg) 농협안심한우 구이딱조은 갈비살 1+등급 200g x 2개 + 등심 1+등급 200g 세트 (냉장), 1세트 21%~~99,000원~~**77,960원** ![Image 121: 로켓배송](https://image.coupangcdn.com/image/badges/falcon/v1/web/rocket-fresh@2x.png) (1세트당 77,960원) 내일(일) 새벽 도착 보장 5 (30) ![Image 122: 최대 1,045원 적립](https://image.coupangcdn.com/image/badges/cashback/web/list-cash-icon@2x.png)최대 3,898원 적립](https://www.coupang.com/vp/products/8310711962?itemId=23980507935&vendorItemId=91001686544&sourceType=CATEGORY&categoryId=196312)\n*   [![Image 123: [새롬한우] 한우 뭉티기 세트 차돌사시미 육회 생고기삼총사470g 육사시미 생차돌, 1개](https://thumbnail.coupangcdn.com/thumbnails/remote/230x230ex/image/vendor_inventory/ecf9/fc95e6538d5cb320ecb2644ff9b92620e372037e4c4e81ef46011e085129.jpg)무료배송 [새롬한우] 한우 뭉티기 세트 차돌사시미 육회 생고기삼총사470g 육사시미 생차돌, 1개 19%~~70,960원~~**56,770원** (1세트당 56,770원) 12/5(금) 도착 예정 ![Image 124: 최대 1,045원 적립](https://image.coupangcdn.com/image/badges/cashback/web/list-cash-icon@2x.png)최대 2,839원 적립](https://www.coupang.com/vp/products/8948722794?itemId=26174791466&vendorItemId=93677824764&sourceType=CATEGORY&categoryId=196312)\n*   [![Image 125: 농협안심한우 구이딱조은 등심 1++등급 200g x 2개 + 채끝 1++등급 200g 세트 (냉장), 1세트](https://thumbnail.coupangcdn.com/thumbnails/remote/230x230ex/image/rs_quotation_api/fwg10zag/67c3944bf5524286bf017705bfa93e71.jpg) 농협안심한우 구이딱조은 등심 1++등급 200g x 2개 + 채끝 1++등급 200g 세트 (냉장), 1세트 17%~~109,000원~~**89,420원** ![Image 126: 로켓배송](https://image.coupangcdn.com/image/badges/falcon/v1/web/rocket-fresh@2x.png) (1세트당 89,420원) 내일(일) 새벽 도착 보장 5 (11) ![Image 127: 최대 1,045원 적립](https://image.coupangcdn.com/image/badges/cashback/web/list-cash-icon@2x.png)최대 4,471원 적립](https://www.coupang.com/vp/products/8310712007?itemId=23980508097&vendorItemId=91001686663&sourceType=CATEGORY&categoryId=196312)\n*   [![Image 128: 농협안심한우 구이딱조은 등심 1+등급 200g x 2개 + 채끝 1+등급 200g 세트 (냉장), 1세트](https://thumbnail.coupangcdn.com/thumbnails/remote/230x230ex/image/rs_quotation_api/nkxvnd6x/54fe7ac146c6473ca708fceb71347983.jpg) 농협안심한우 구이딱조은 등심 1+등급 200g x 2개 + 채끝 1+등급 200g 세트 (냉장), 1세트 24%~~99,000원~~**75,040원** ![Image 129: 로켓배송](https://image.coupangcdn.com/image/badges/falcon/v1/web/rocket-fresh@2x.png) (1세트당 75,040원) 내일(일) 새벽 도착 보장 4.5 (23) ![Image 130: 최대 1,045원 적립](https://image.coupangcdn.com/image/badges/cashback/web/list-cash-icon@2x.png)최대 3,752원 적립](https://www.coupang.com/vp/products/8310711973?itemId=23980507961&vendorItemId=91001686563&sourceType=CATEGORY&categoryId=196312)\n*   [![Image 131: 농협안심한우 1등급 채반 오마카세 모듬구이 선물세트 1호 갈비살 200g + 부채살 200g + 치마살 200g + 업진살 200g + 살치살 200g (냉장), 1세트](https://thumbnail.coupangcdn.com/thumbnails/remote/230x230ex/image/retail/images/957965861674994-a640fbbb-8ddd-4d29-910b-a2b3de7253e5.jpg) 농협안심한우 1등급 채반 오마카세 모듬구이 선물세트 1호 갈비살 200g + 부채살 200g + 치마살 200g + 업진살 200g + 살치살 200g (냉장), 1세트 **129,560원** ![Image 132: 로켓배송](https://image.coupangcdn.com/image/badges/falcon/v1/web/rocket-fresh@2x.png) (1세트당 129,560원) 내일(일) 새벽 도착 보장 3.5 (3) ![Image 133: 최대 1,045원 적립](https://image.coupangcdn.com/image/badges/cashback/web/list-cash-icon@2x.png)최대 6,478원 적립](https://www.coupang.com/vp/products/9026695784?itemId=26472703902&vendorItemId=93447819007&sourceType=CATEGORY&categoryId=196312)\n*   [![Image 134: [명절인기특가]김하진 궁중 표고버섯 찜갈비 500 x 6팩(총 3kg), 6개](https://thumbnail.coupangcdn.com/thumbnails/remote/230x230ex/image/vendor_inventory/d6f9/18a956225a77853f2d592f43721fe50052443bccc678bcedf067ca49360c.jpg)무료배송 [명절인기특가]김하진 궁중 표고버섯 찜갈비 500 x 6팩(총 3kg), 6개 16%~~59,900원~~**49,900원** (1세트당 8,317원) 12/4(목) 도착 예정 3 (55) ![Image 135: 최대 1,045원 적립](https://image.coupangcdn.com/image/badges/cashback/web/list-cash-icon@2x.png)최대 2,495원 적립](https://www.coupang.com/vp/products/8334199928?itemId=21181779999&vendorItemId=91010569197&sourceType=CATEGORY&categoryId=196312)\n*   [![Image 136: 1등급 한우한마리세트 1kg 등심300g 채끝살300g 부채살200g 갈비살200g, 1개](https://thumbnail.coupangcdn.com/thumbnails/remote/230x230ex/image/vendor_inventory/01b3/e06481581c4478acdeb1ec696ff7b8aeabce39ff6b13ba3d9e191966a05d.jpg)무료배송 1등급 한우한마리세트 1kg 등심300g 채끝살300g 부채살200g 갈비살200g, 1개 26%~~84,600원~~**61,900원** (1세트당 61,900원) 12/2(화) 도착 예정 5 (7) ![Image 137: 최대 1,045원 적립](https://image.coupangcdn.com/image/badges/cashback/web/list-cash-icon@2x.png)최대 3,095원 적립](https://www.coupang.com/vp/products/8096396927?itemId=22891084270&vendorItemId=89925649652&sourceType=CATEGORY&categoryId=196312)\n*   [![Image 138: 한우 우족 2kg+소뼈 2kg 총 4kg, 없음, 2개](https://thumbnail.coupangcdn.com/thumbnails/remote/230x230ex/image/vendor_inventory/8b6a/5a65f5a703d4f5c45a8b2a614d46c4bc6436e3568710ff339e49ab6e9434.jpg)무료배송 한우 우족 2kg+소뼈 2kg 총 4kg, 없음, 2개 **22,900원** (1세트당 11,450원) 12/4(목) 도착 예정 ![Image 139: 최대 1,045원 적립](https://image.coupangcdn.com/image/badges/cashback/web/list-cash-icon@2x.png)최대 1,145원 적립](https://www.coupang.com/vp/products/8412907263?itemId=24326380572&vendorItemId=91342062856&sourceType=CATEGORY&categoryId=196312)\n*   [![Image 140: 전통참한우 1등급 구이선물세트 등심 250g + 채끝 250g + 부채살 200g (냉장), 1세트](https://thumbnail.coupangcdn.com/thumbnails/remote/230x230ex/image/retail/images/4286120573618349-d3dc9e36-88c5-4644-b95c-82292880e1a3.jpg) 전통참한우 1등급 구이선물세트 등심 250g + 채끝 250g + 부채살 200g (냉장), 1세트 32%~~159,000원~~**108,000원** ![Image 141: 로켓배송](https://image.coupangcdn.com/image/badges/falcon/v1/web/rocket-fresh@2x.png) (1세트당 108,000원) 내일(일) 새벽 도착 보장 5 (313) ![Image 142: 최대 1,045원 적립](https://image.coupangcdn.com/image/badges/cashback/web/list-cash-icon@2x.png)최대 5,150원 적립](https://www.coupang.com/vp/products/6936882525?itemId=16807353739&vendorItemId=83987731521&sourceType=CATEGORY&categoryId=196312)\n*   [![Image 143: 농협안심한우 1등급 모듬 구이선물세트 등심 250g + 채끝250g + 안심200g + 갈비200g, 1개](https://thumbnail.coupangcdn.com/thumbnails/remote/230x230ex/image/retail/images/151586160449308-8d27550a-e9e4-47c9-a05f-f23a1ad31018.jpg) 농협안심한우 1등급 모듬 구이선물세트 등심 250g + 채끝250g + 안심200g + 갈비200g, 1개 **115,900원** ![Image 144: 로켓배송](https://image.coupangcdn.com/image/badges/falcon/v1/web/rocket-fresh@2x.png) (1세트당 115,900원) 내일(일) 새벽 도착 보장 5 (13) ![Image 145: 최대 1,045원 적립](https://image.coupangcdn.com/image/badges/cashback/web/list-cash-icon@2x.png)최대 5,745원 적립](https://www.coupang.com/vp/products/9024105945?itemId=26462015297&vendorItemId=93437300960&sourceType=CATEGORY&categoryId=196312)\n*   [![Image 146: 목우촌 국내산 소고기 차돌박이 불고기 정육세절 외, 칼집 등심 200g](https://thumbnail.coupangcdn.com/thumbnails/remote/230x230ex/image/vendor_inventory/e47d/e005becd0e53595c7818f8b15b82b10aef1fa43eb375857a068d68409361.jpg)무료배송 목우촌 국내산 소고기 차돌박이 불고기 정육세절 외, 칼집 등심 200g **21,800원** 12/3(수) 도착 예정 ![Image 147: 최대 1,045원 적립](https://image.coupangcdn.com/image/badges/cashback/web/list-cash-icon@2x.png)최대 1,090원 적립](https://www.coupang.com/vp/products/9109374864?itemId=26784562135&vendorItemId=94052655452&sourceType=CATEGORY&categoryId=196312)\n*   [![Image 148: [홈쇼핑] 강병원 한우 투뿔 스테이크, 9개](https://thumbnail.coupangcdn.com/thumbnails/remote/230x230ex/image/vendor_inventory/6cef/37f108064550995b6ab30642672003a2be834772d9ac1958a368e3d1d40c.jpg)무료배송 [홈쇼핑] 강병원 한우 투뿔 스테이크, 9개 할인 11%~~69,900원~~**62,210원** (1세트당 6,912원) 12/3(수) 도착 예정 4 (150) ![Image 149: 최대 1,045원 적립](https://image.coupangcdn.com/image/badges/cashback/web/list-cash-icon@2x.png)최대 3,110원 적립](https://www.coupang.com/vp/products/8314860580?itemId=27065477235&vendorItemId=94033832131&sourceType=CATEGORY&categoryId=196312)\n*   [![Image 150: 한우선물세트 소고기 갈비살 꽃등심 양지 채끝살 불고기 (주)성진한우, 실속모둠세트 450g(선물포장X), 1세트](https://thumbnail.coupangcdn.com/thumbnails/remote/230x230ex/image/vendor_inventory/11cc/942f3cbc7afc2a68d87da995dc011f8cc22326b96ee38d2671a6dfb8d01a.png)무료배송 한우선물세트 소고기 갈비살 꽃등심 양지 채끝살 불고기 (주)성진한우, 실속모둠세트 450g(선물포장X), 1세트 58%~~120,000원~~**49,900원** (1세트당 49,900원) 12/3(수) 도착 예정 5 (623) ![Image 151: 최대 1,045원 적립](https://image.coupangcdn.com/image/badges/cashback/web/list-cash-icon@2x.png)최대 2,495원 적립](https://www.coupang.com/vp/products/8244257202?itemId=19584333951&vendorItemId=84394074041&sourceType=CATEGORY&categoryId=196312)\n*   [![Image 152: [한우맘] 한우보신세트 5kg, 1세트](https://thumbnail.coupangcdn.com/thumbnails/remote/230x230ex/image/vendor_inventory/5d69/53b13f19fadc41545f5646e495c804be285b9a3ccdbb8d58727842902e7f.jpg)무료배송 [한우맘] 한우보신세트 5kg, 1세트 27%~~89,000원~~**64,200원** (1세트당 64,200원) 12/2(화) 도착 예정 5 (203) ![Image 153: 최대 1,045원 적립](https://image.coupangcdn.com/image/badges/cashback/web/list-cash-icon@2x.png)최대 3,210원 적립](https://www.coupang.com/vp/products/6772633975?itemId=15906245997&vendorItemId=72772993644&sourceType=CATEGORY&categoryId=196312)\n*   [![Image 154: 농협안심한우 1++등급 안심특선 21호 총1kg 등심200g 2p + 안심200g + 채끝200g + 갈비살200g, 1세트](https://thumbnail.coupangcdn.com/thumbnails/remote/230x230ex/image/retail/images/46936993402133-a9231d2e-edb4-4fdd-9ec0-ad39ca24a6db.JPG) 농협안심한우 1++등급 안심특선 21호 총1kg 등심200g 2p + 안심200g + 채끝200g + 갈비살200g, 1세트 19%~~209,000원~~**169,000원** ![Image 155: 로켓배송](https://image.coupangcdn.com/image/badges/falcon/v1/web/rocket-fresh@2x.png) (1세트당 169,000원) 내일(일) 새벽 도착 보장 5 (108) ![Image 156: 최대 1,045원 적립](https://image.coupangcdn.com/image/badges/cashback/web/list-cash-icon@2x.png)최대 8,400원 적립](https://www.coupang.com/vp/products/8297813906?itemId=23934531662&vendorItemId=90956506077&sourceType=CATEGORY&categoryId=196312)\n*   [![Image 157: 국내산 프리미엄 1+ 한우 선물세트 꽃등심/살치살/등심/안심/채끝/치마/부채 외 구이용 단체, 1세트, 3.최상 1+등급 [1kg] 혼합세트](https://thumbnail.coupangcdn.com/thumbnails/remote/230x230ex/image/vendor_inventory/ceb0/09b26bf37e4f2a50ff5a026fdcee7aa75661ecff85572673a402cc468e4e.jpg)무료배송 국내산 프리미엄 1+ 한우 선물세트 꽃등심/살치살/등심/안심/채끝/치마/부채 외 구이용 단체, 1세트, 3.최상 1+등급 [1kg] 혼합세트 37%~~159,000원~~**99,000원** (1세트당 99,000원) 12/2(화) 도착 예정 5 (186) ![Image 158: 최대 1,045원 적립](https://image.coupangcdn.com/image/badges/cashback/web/list-cash-icon@2x.png)최대 4,950원 적립](https://www.coupang.com/vp/products/8535117816?itemId=24707574503&vendorItemId=79983183437&sourceType=CATEGORY&categoryId=196312)\n*   [![Image 159: 1++ 한우 투뿔 1kg 구이용 최고급 (등심500g+채끝500g), 1개](https://thumbnail.coupangcdn.com/thumbnails/remote/230x230ex/image/vendor_inventory/66cc/61545f0fa39d8ad295323ba8d868f29894e4fafa24978014a9c5aaa9196f.png)무료배송 1++ 한우 투뿔 1kg 구이용 최고급 (등심500g+채끝500g), 1개 할인 40%~~150,000원~~**89,000원** (1세트당 89,000원) 12/2(화) 도착 예정 4.5 (176) ![Image 160: 최대 1,045원 적립](https://image.coupangcdn.com/image/badges/cashback/web/list-cash-icon@2x.png)최대 4,450원 적립](https://www.coupang.com/vp/products/8658432343?itemId=25129658175&vendorItemId=92128805416&sourceType=CATEGORY&categoryId=196312)\n*   [![Image 161: 농협안심한우 구이딱조은 등심 1등급 200g x 2개 + 채끝 1등급 200g 세트, 1세트](https://thumbnail.coupangcdn.com/thumbnails/remote/230x230ex/image/rs_quotation_api/soik9x4n/db54b172018e4590b52daf5edf9dedb5.jpg) 농협안심한우 구이딱조은 등심 1등급 200g x 2개 + 채끝 1등급 200g 세트, 1세트 22%~~89,000원~~**69,240원** ![Image 162: 로켓배송](https://image.coupangcdn.com/image/badges/falcon/v1/web/rocket-fresh@2x.png) (1세트당 69,240원) 내일(일) 새벽 도착 보장 5 (25) ![Image 163: 최대 1,045원 적립](https://image.coupangcdn.com/image/badges/cashback/web/list-cash-icon@2x.png)최대 3,462원 적립](https://www.coupang.com/vp/products/8288177171?itemId=23901378537&vendorItemId=90923916034&sourceType=CATEGORY&categoryId=196312)\n*   [![Image 164: 농협안심한우 구이딱조은 갈비살 1++등급 200g x 2개 + 등심 1++등급 200g 세트 (냉장), 1세트](https://thumbnail.coupangcdn.com/thumbnails/remote/230x230ex/image/rs_quotation_api/ryo9ns4g/7fcb121b07874a31a2abedfb75571c9a.jpg) 농협안심한우 구이딱조은 갈비살 1++등급 200g x 2개 + 등심 1++등급 200g 세트 (냉장), 1세트 17%~~109,000원~~**89,690원** ![Image 165: 로켓배송](https://image.coupangcdn.com/image/badges/falcon/v1/web/rocket-fresh@2x.png) (1세트당 89,690원) 내일(일) 새벽 도착 보장 4.5 (21) ![Image 166: 최대 1,045원 적립](https://image.coupangcdn.com/image/badges/cashback/web/list-cash-icon@2x.png)최대 4,485원 적립](https://www.coupang.com/vp/products/8310712001?itemId=23980508085&vendorItemId=91001686658&sourceType=CATEGORY&categoryId=196312)\n*   [![Image 167: 농협안심한우 1등급 등심 200g 2p + 불고기 300g 2p + 국거리 300g (냉장), 1세트](https://thumbnail.coupangcdn.com/thumbnails/remote/230x230ex/image/rs_quotation_api/wasecc28/2506d5130e0d4eba8dcf1f03a54fa21c.JPG) 농협안심한우 1등급 등심 200g 2p + 불고기 300g 2p + 국거리 300g (냉장), 1세트 15%~~129,000원~~**109,000원** ![Image 168: 로켓배송](https://image.coupangcdn.com/image/badges/falcon/v1/web/rocket-fresh@2x.png) (1세트당 109,000원) 내일(일) 새벽 도착 보장 5 (36) ![Image 169: 최대 1,045원 적립](https://image.coupangcdn.com/image/badges/cashback/web/list-cash-icon@2x.png)최대 5,400원 적립](https://www.coupang.com/vp/products/8279549489?itemId=23869135161&vendorItemId=90892215278&sourceType=CATEGORY&categoryId=196312)\n*   [![Image 170: 저스트딜 배터짐 특미 쫄깃한 삶은 한우막내장 세절 유창 식도근 오드레기 막창 500g 일요일 당일발송, 1개, 1g](https://thumbnail.coupangcdn.com/thumbnails/remote/230x230ex/image/vendor_inventory/9123/b0b9728756d3af350b36297f9e66fad3ee9ef056bba4f428d955c835422b.png)무료배송 저스트딜 배터짐 특미 쫄깃한 삶은 한우막내장 세절 유창 식도근 오드레기 막창 500g 일요일 당일발송, 1개, 1g **16,090원** (100g당 1,609,000원) 12/3(수) 도착 예정 ![Image 171: 최대 1,045원 적립](https://image.coupangcdn.com/image/badges/cashback/web/list-cash-icon@2x.png)최대 805원 적립](https://www.coupang.com/vp/products/8746810242?itemId=27037177348&vendorItemId=94166535147&sourceType=CATEGORY&categoryId=196312)\n*   [![Image 172: 농협안심한우 1등급 등심 200g + 채끝 200g + 갈비살 200g + 부채살 200g + 살치살 200g (냉장), 1세트](https://thumbnail.coupangcdn.com/thumbnails/remote/230x230ex/image/rs_quotation_api/ma4behae/eaee5707a500454d9959d1496c19c635.JPG) 농협안심한우 1등급 등심 200g + 채끝 200g + 갈비살 200g + 부채살 200g + 살치살 200g (냉장), 1세트 11%~~169,000원~~**149,000원** ![Image 173: 로켓배송](https://image.coupangcdn.com/image/badges/falcon/v1/web/rocket-fresh@2x.png) (1세트당 149,000원) 내일(일) 새벽 도착 보장 5 (52) ![Image 174: 최대 1,045원 적립](https://image.coupangcdn.com/image/badges/cashback/web/list-cash-icon@2x.png)최대 7,400원 적립](https://www.coupang.com/vp/products/8279549430?itemId=23869134992&vendorItemId=90892215145&sourceType=CATEGORY&categoryId=196312)\n*   [![Image 175: 한우 사골(1kg)+잡뼈(1kg)+꼬리반골(1kg) 총3kg, 없음](https://thumbnail.coupangcdn.com/thumbnails/remote/230x230ex/image/vendor_inventory/4c8f/adc9a41a6b93405b7abb8e212760942f2f1cd44779a640087b54479ac51d.jpg)무료배송 한우 사골(1kg)+잡뼈(1kg)+꼬리반골(1kg) 총3kg, 없음 **17,900원** 12/4(목) 도착 예정 ![Image 176: 최대 1,045원 적립](https://image.coupangcdn.com/image/badges/cashback/web/list-cash-icon@2x.png)최대 895원 적립](https://www.coupang.com/vp/products/8726997824?itemId=25352971581&vendorItemId=92347384232&sourceType=CATEGORY&categoryId=196312)\n*   [![Image 177: 목우촌 국내산 소고기 다짐육 250g 1개](https://thumbnail.coupangcdn.com/thumbnails/remote/230x230ex/image/vendor_inventory/1fc3/932f4a05926653bd89bc9756bb1ee7949f9429f108f87cea4ff9fb906782.jpg)무료배송 목우촌 국내산 소고기 다짐육 250g 1개 9%~~24,100원~~**21,700원** (1세트당 21,700원) 12/4(목) 도착 예정 ![Image 178: 최대 1,045원 적립](https://image.coupangcdn.com/image/badges/cashback/web/list-cash-icon@2x.png)최대 1,085원 적립](https://www.coupang.com/vp/products/7967991747?itemId=24043448758&vendorItemId=92214318106&sourceType=CATEGORY&categoryId=196312)\n*   [![Image 179: [한우고집쟁이] 1++등급 한우 정육 4부위 택1 (불고기육전다짐육국거리), 1++ 한우 다짐육 500g](https://thumbnail.coupangcdn.com/thumbnails/remote/230x230ex/image/vendor_inventory/dfe6/125ad9fd314549ed4bbc3cbf346da4f2aa0021dfdb8560bd0afd9ae9432e.jpg) [한우고집쟁이] 1++등급 한우 정육 4부위 택1 (불고기육전다짐육국거리), 1++ 한우 다짐육 500g 19%~~25,900원~~**20,900원** 12/3(수) 도착 예정 ![Image 180: 최대 1,045원 적립](https://image.coupangcdn.com/image/badges/cashback/web/list-cash-icon@2x.png)최대 1,045원 적립](https://www.coupang.com/vp/products/9187883326?itemId=27106907141&vendorItemId=94075025400&sourceType=CATEGORY&categoryId=196312)\n*   [![Image 181: 시그니처D 한우 1++(9) 프리미엄 구이세트 등심 400g + 안심 400g + 채끝 400g + 갈비살 400g (냉장), 1세트](https://thumbnail.coupangcdn.com/thumbnails/remote/230x230ex/image/retail/images/2534899480190510-6850dbf0-f542-45ea-8ef1-bda1ea14dbc6.jpg) 시그니처D 한우 1++(9) 프리미엄 구이세트 등심 400g + 안심 400g + 채끝 400g + 갈비살 400g (냉장), 1세트 42%~~599,000원~~**346,000원** ![Image 182: 로켓배송](https://image.coupangcdn.com/image/badges/falcon/v1/web/rocket-fresh@2x.png) (1세트당 346,000원) 일시품절 5 (18)](https://www.coupang.com/vp/products/7792202941?itemId=21084280923&vendorItemId=88146379351&sourceType=CATEGORY&categoryId=196312)\n*   [![Image 183: 농협안심한우 1++등급 구이선물세트 등심 200g + 채끝200g + 살치살200g + 갈비200g, 1세트](https://thumbnail.coupangcdn.com/thumbnails/remote/230x230ex/image/retail/images/958857262611098-a00c59c7-35ef-4317-86d9-69b5cdaf67c8.jpg) 농협안심한우 1++등급 구이선물세트 등심 200g + 채끝200g + 살치살200g + 갈비200g, 1세트 **134,990원** ![Image 184: 로켓배송](https://image.coupangcdn.com/image/badges/falcon/v1/web/rocket-fresh@2x.png) (1세트당 134,990원) 일시품절 5 (15)](https://www.coupang.com/vp/products/9026143690?itemId=26471664448&vendorItemId=93446796679&sourceType=CATEGORY&categoryId=196312)\n\n이전[1](https://www.coupang.com/np/categories/196412?page=1)[2](https://www.coupang.com/np/categories/196412?page=2)[3](https://www.coupang.com/np/categories/196412?page=3)[4](https://www.coupang.com/np/categories/196412?page=4)[5](https://www.coupang.com/np/categories/196412?page=5)[다음](https://www.coupang.com/np/categories/196412?page=2 \"다음\")\n\n함께 본 카테고리\n---------\n\n[한우갈비세트](https://www.coupang.com/np/categories/196409 \"한우갈비세트\")\n\n[한우등심/불고기세트](https://www.coupang.com/np/categories/196410 \"한우등심/불고기세트\")\n\n[한우사골/꼬리세트](https://www.coupang.com/np/categories/196411 \"한우사골/꼬리세트\")\n\n[수입소고기세트](https://www.coupang.com/np/categories/196413 \"수입소고기세트\")\n\n[돼지고기선물세트](https://www.coupang.com/np/categories/196414 \"돼지고기선물세트\")\n\n[닭고기/오리고기선물세트](https://www.coupang.com/np/categories/196415 \"닭고기/오리고기선물세트\")\n\n[기타축산선물세트](https://www.coupang.com/np/categories/196416 \"기타축산선물세트\")\n\n[회사소개](https://news.coupang.com/)[Investor Relations](https://ir.aboutcoupang.com/overview/default.aspx)[인재채용](https://rocketyourcareer.kr.coupang.com/)[입점/제휴문의](https://marketplace.coupangcorp.com/s/?utm_source=button_pc&utm_medium=non_paid&utm_campaign=onsite_ca&utm_id=coupang_app?inflow=WEB_FOOTER_B)[공지사항](https://mc.coupang.com/ssr/desktop/contact/notice)[고객의 소리](https://mc.coupang.com/ssr/desktop/contact/voc)[이용약관](https://www.coupang.com/np/policies/terms)[**개인정보 처리방침**](https://privacy.coupang.com/ko/center/coupang)[정보보호/개인정보보호 인증](https://privacy.coupang.com/ko/security/status)[쿠팡페이 이용약관](https://rocketpay.coupang.com/rocketpay/operationTerms/coupangPcFooter)[신뢰관리센터](https://www.coupang.com/np/safety)[제휴마케팅](https://partners.coupang.com/)[광고안내](https://ads.coupang.com/)\n\nGlobal Site\n\n*   [Coupang Taiwan 酷澎台灣](https://www.tw.coupang.com/)\n\n[![Image 185](https://front.coupangcdn.com/front-web-next/_next/static/media/logo.f2c4ccb2.png)](https://www.coupang.com/ \"COUPANG\")\n\n상호명 및 호스팅 서비스 제공 : 쿠팡(주) \n\n 대표이사 : 박대준 \n\n 서울시 송파구 송파대로 570 \n\n 사업자 등록번호 : 120-88-00767 \n\n 통신판매업신고 : 2017-서울송파-0680 \n\n[사업자정보 확인 >](http://www.ftc.go.kr/info/bizinfo/communicationViewPopup.jsp?wrkr_no=1208800767)\n\n[**365고객센터** | 전자금융거래분쟁처리담당 _1577-7011 (유료)_ 서울시 송파구 송파대로 570 email : help@coupang.com](https://mc.coupang.com/ssr/desktop/contact/inquiry)\n\n**채무지급보증 안내**\n\n 당사는 고객님이 현금 결제한 금액에 대해 \n\n 채무지급보증 계약을 체결하여 \n\n 안전거래를 보장하고 있습니다. \n\n[서비스 가입사실 확인 >](https://www.coupang.com/np/etc/popWooriService)\n\n![Image 186](https://front.coupangcdn.com/front-web-next/_next/static/media/5.73affd35.png)\n\n![Image 187](https://front.coupangcdn.com/front-web-next/_next/static/media/6.901d77a5.png)\n\n사이버몰 내 판매되는 상품 중에는 쿠팡에 등록한 개별 판매자가 판매하는 마켓플레이스(오픈마켓) 상품이 포함되어 있습니다. \n\n 마켓플레이스(오픈마켓) 상품의 경우 쿠팡은 통신판매중개자이며 통신판매의 당사자가 아닙니다. \n\n 쿠팡은 마켓플레이스(오픈마켓) 상품, 거래정보 및 거래 등에 대하여 책임을 지지 않습니다. \n\n 쿠팡은 소비자 보호와 안전거래를 위해 신뢰관리센터(CM112@coupang.com)를 운영하고 있으며, 관련 분쟁이 발생할 경우 별도의 분쟁 처리절차에 의거 분쟁이 처리됩니다. \n\n Copyright © Coupang Corp. 2010-2025 All Rights Reserved.\n\n*   [![Image 188](https://front.coupangcdn.com/front-web-next/_next/static/media/f.34bde318.png)](https://www.facebook.com/Coupang.korea)\n*   [![Image 189](https://front.coupangcdn.com/front-web-next/_next/static/media/b.637cda1c.png)](https://news.coupang.com/)\n*   [![Image 190](https://front.coupangcdn.com/front-web-next/_next/static/media/s.a7aca4ea.png)](https://www.instagram.com/coupang)"
      },
      {
        "platform": "coupang",
        "title": "채끝 - 구이/스테이크",
        "url": "https://www.coupang.com/np/categories/464571",
        "snippet": "Image 95: 전통참한우 1+등급 채끝 구이용 (냉장), 200g, 1개 전통참한우 1+등급 채끝 구이용 (냉장), 200g, 1개 21%~~33,760원~~26,350원 Image 96: 로켓배송 (100g당 13,175원) 오늘(토) 도착 보장 4.5 (283) Image 97: 최대 2,090원 적립최대 1,318원 적립\n   Image 98: 이로우 국내산 무항생제 소고기 채끝 스테이크용 (냉장), 300g, 1팩Image 99: 쿠팡추천 이로우 국내산 무항생제 소고기 채끝 스테이크용 (냉장), 300g, 1팩 27,750원 Image 100: 로켓배송 (100g당 9,250원) 오늘(토) 도착 보장 4.5 (365) Image 101: 최대 2,090원 적립최대 1,388원 적립 [...] Image 132: 육교시 한우 채끝 시즈닝 1등급 스테이크용 (냉장), 300g, 1개 육교시 한우 채끝 시즈닝 1등급 스테이크용 (냉장), 300g, 1개 36,250원 Image 133: 로켓배송 (100g당 12,083원) 오늘(토) 도착 보장 4.5 (13) Image 134: 최대 2,090원 적립최대 1,813원 적립\n   Image 135: 녹색한우 무항생제인증 채끝 1+등급 구이용 (냉장), 200g, 1개 녹색한우 무항생제인증 채끝 1+등급 구이용 (냉장), 200g, 1개 21%~~37,130원~~28,980원 Image 136: 로켓배송 (100g당 14,490원) 오늘(토) 도착 보장 5 (161) Image 137: 최대 2,090원 적립최대 1,449원 적립 [...] Image 114: 설화우 1등급 한우 채끝 스테이크용 (냉장), 200g, 1개 설화우 1등급 한우 채끝 스테이크용 (냉장), 200g, 1개 23,780원 Image 115: 로켓배송 (100g당 11,890원) 오늘(토) 도착 보장 4.5 (83) Image 116: 최대 2,090원 적립최대 1,189원 적립\n   Image 117: 육교시 한우 채끝 2등급 구이용 (냉장), 200g, 1개 육교시 한우 채끝 2등급 구이용 (냉장), 200g, 1개 13%~~25,400원~~21,960원 Image 118: 로켓배송 (100g당 10,980원) 오늘(토) 도착 보장 3.5 (2) Image 119: 최대 2,090원 적립최대 1,098원 적립",
        "score": 0.4116553,
        "timestamp": "2025-11-29T02:23:22.759326",
        "raw_content": "채끝 - 구이/스테이크 | 쿠팡\n\n===============\n\n[![Image 1](https://static.coupangcdn.com/ea/cmg_paperboy/image/1646271114206/C0-Left_basic.jpg)](https://www.coupang.com/np/campaigns/82?adType=DA&eventId=AgDAoIBG25mBL4gK)[![Image 2](https://static.coupangcdn.com/ya/cmg_paperboy/image/1764139787980/C0.jpg)](https://pages.coupang.com/p/157429?adType=DA&eventId=gbDmj97iQMsvUzCC)\n\n[X](https://www.coupang.com/np/categories/464571)\n\n*   [판매자 가입](https://wing.coupang.com/tenants/vendor-signup/signup?utm_source=button_pc_coupang_app_category_3&utm_medium=non_paid&utm_id=onsite_ca&utm_content=20240328)\n*   [고객센터](https://mc.coupang.com/ssr/desktop/contact/faq)\n[자주묻는 질문](https://mc.coupang.com/ssr/desktop/contact/faq)[1:1 채팅문의](https://mc.coupang.com/ssr/desktop/contact/inquiry)[고객의 소리](https://mc.coupang.com/ssr/desktop/contact/voc)[취소 / 반품 안내](https://www.coupang.com/returnPolicy.pang)\n\n*   [회원가입](https://login.coupang.com/login/memberJoinFrm.pang \"회원가입\")\n*   [로그인](https://login.coupang.com/login/login.pang?rtnUrl=https%3A%2F%2Fwww.coupang.com%2Fnp%2Fpost%2Flogin%3Fr%3Dhttp%253A%252F%252Fwww.coupang.com%252Fnp%252Fcategories%252F464571 \"로그인\")\n*   [즐겨찾기](https://www.coupang.com/np/categories/464571)\n*   [입점신청](https://www.coupang.com/np/categories/464571)\n[오픈마켓](https://marketplace.coupangcorp.com/s/?utm_source=button_pc&utm_medium=non_paid&utm_campaign=onsite_ca&utm_id=coupang_app)[여행·티켓](https://with.coupang.com/contract/initialize)[로켓배송](https://supplier.coupang.com/welcome/join)[제휴마케팅](https://partners.coupang.com/)[로켓그로스](https://sell.coupang.com/?utm_source=web_button_pc_rg&utm_medium=referral&utm_campaign=onsite_lead&utm_id=coupang_web?inflow=WEB_HEADER_B)\n\n.\n\n카테고리\n\n쇼핑\n\n티켓\n\n테마관\n\n*   [입점/판매 신청](https://wing.coupang.com/tenants/vendor-signup/signup?utm_source=button_pc_coupang_app_category_3&utm_medium=non_paid&utm_id=onsite_ca&utm_content=20240328)\n\n[![Image 3: Coupang](https://image7.coupangcdn.com/image/coupang/common/logo_coupang_w350.png)](https://www.coupang.com/)\n\n[전체](https://www.coupang.com/np/categories/464571)\n\n전체삭제 최근검색어끄기\n\n[](https://www.coupang.com/np/categories/464571)![Image 4](https://front.coupangcdn.com/front-web-next/_next/static/media/search.85cd3dbf.png)\n*   [![Image 5](https://front.coupangcdn.com/front-web-next/_next/static/media/person.07e45e52.png)마이쿠팡](https://mc.coupang.com/ssr/desktop/order/list)\n[주문목록](https://mc.coupang.com/ssr/desktop/order/list)[취소/반품](https://mc.coupang.com/ssr/desktop/cancel-return-exchange/list)[찜 리스트](https://wish-web.coupang.com/wishInitView.pang)\n\n*   [![Image 6](https://front.coupangcdn.com/front-web-next/_next/static/media/cart.ccef8f9e.png)장바구니](https://cart.coupang.com/cartView.pang)\n\n  \n\n    *   장바구니에 담긴 상품이 없습니다.\n\n[장바구니 전체보기](https://cart.coupang.com/cartView.pang)\n\n[](https://www.coupang.com/np/categories/464571)\n\n*   [![Image 7: 쿠팡플레이](https://image.coupangcdn.com/image/coupang/home/icons/web/kr/coupang-play.png)쿠팡플레이](https://www.coupangplay.com/catalog)\n*   [![Image 8: 로켓배송](https://image.coupangcdn.com/image/coupang/home/icons/web/kr/rocket-delivery.png)로켓배송](https://www.coupang.com/np/campaigns/82)\n*   [![Image 9: 로켓프레시](https://image.coupangcdn.com/image/coupang/home/icons/web/kr/rocket-fresh.png)로켓프레시](https://www.coupang.com/np/categories/393760)\n*   [![Image 10: 크리스마스](https://image.coupangcdn.com/image/coupang/home/icons/Christmas/Christmas_PC_2025.png)크리스마스](https://pages.coupang.com/p/158677)\n*   [![Image 11: 다시 구매](https://image.coupangcdn.com/image/coupang/common/fbi_icon_3x.png)다시 구매](https://www.coupang.com/np/fbi?sourceType=home_section_fbi)\n*   [![Image 12: 쿠팡비즈](https://image.coupangcdn.com/image/coupang/home/icons/web/kr/biz.png)쿠팡비즈](https://login.coupang.com/corporation/member/landing-page)\n*   [![Image 13: 로켓직구](https://image.coupangcdn.com/image/coupang/home/icons/web/kr/oversea-delivery.png)로켓직구](https://www.coupang.com/np/coupangglobal)\n*   [![Image 14: 골드박스](https://image.coupangcdn.com/image/coupang/home/icons/web/kr/gold-box.png)골드박스](https://pages.coupang.com/p/121237?sourceType=gm_crm_goldbox&subSourceType=gm_crm_gwsrtcut)\n*   [![Image 15: 이달의신상](https://image.coupangcdn.com/image/coupang/home/icons/web/kr/new-item-of-month.png)이달의신상](https://pages.coupang.com/p/136938)\n*   [![Image 16: 판매자특가](https://image.coupangcdn.com/image/coupang/home/icons/web/kr/omp.png)판매자특가](https://www.coupang.com/np/omp)\n*   [![Image 17: 와우회원할인](https://image.coupangcdn.com/image/coupang/home/icons/web/kr/wow.png)와우회원할인](https://www.coupang.com/np/campaigns/83)\n*   [![Image 18: 이벤트/쿠폰](https://image.coupangcdn.com/image/coupang/home/icons/web/kr/benefit.png)이벤트/쿠폰](https://www.coupang.com/np/coupangbenefit)\n*   [![Image 19: 반품마켓](https://image.coupangcdn.com/image/coupang/home/icons/web/kr/returned-market.png)반품마켓](https://pages.coupang.com/p/54908)\n*   [![Image 20: 착한상점](https://image.coupangcdn.com/image/coupang/home/icons/web/kr/sustainable-market.png)착한상점](https://pages.coupang.com/p/63240)\n*   [![Image 21: 기획전](https://image.coupangcdn.com/image/coupang/home/icons/web/kr/event.png)기획전](https://pages.coupang.com/p/bep?sourceType=gm_crm_oms&subSourceType=gm_crm_gwsrtcut)\n*   [![Image 22: 쿠팡트래블](https://image.coupangcdn.com/image/coupang/home/icons/web/kr/travel.png)쿠팡트래블](https://trip.coupang.com/?channel=gnb)\n*   [![Image 23: 입점신청](https://image.coupangcdn.com/image/coupang/home/icons/web/kr/sell-on-coupang.png)입점신청](https://wing.coupang.com/tenants/vendor-signup/signup?utm_source=button_pc_coupang_shortcut_1&utm_medium=non_paid&utm_id=onsite_ca&utm_content=202411)\n\n[](https://www.coupang.com/np/categories/464571)\n\n[전체](https://www.coupang.com/np/categories/464571#)\n*   [전체](https://www.coupang.com/np/categories/464571#)\n\n전체삭제 최근검색어끄기\n\n[](https://www.coupang.com/np/categories/464571)![Image 24](https://front.coupangcdn.com/front-web-next/_next/static/media/search.85cd3dbf.png)\n\n[](https://www.coupang.com/np/categories/464571)\n\n*   [![Image 25: 쿠팡플레이](https://image.coupangcdn.com/image/coupang/home/icons/web/kr/coupang-play.png)쿠팡플레이](https://www.coupangplay.com/catalog)\n*   [![Image 26: 로켓배송](https://image.coupangcdn.com/image/coupang/home/icons/web/kr/rocket-delivery.png)로켓배송](https://www.coupang.com/np/campaigns/82)\n*   [![Image 27: 로켓프레시](https://image.coupangcdn.com/image/coupang/home/icons/web/kr/rocket-fresh.png)로켓프레시](https://www.coupang.com/np/categories/393760)\n*   [![Image 28: 크리스마스](https://image.coupangcdn.com/image/coupang/home/icons/Christmas/Christmas_PC_2025.png)크리스마스](https://pages.coupang.com/p/158677)\n*   [![Image 29: 다시 구매](https://image.coupangcdn.com/image/coupang/common/fbi_icon_3x.png)다시 구매](https://www.coupang.com/np/fbi?sourceType=home_section_fbi)\n*   [![Image 30: 쿠팡비즈](https://image.coupangcdn.com/image/coupang/home/icons/web/kr/biz.png)쿠팡비즈](https://login.coupang.com/corporation/member/landing-page)\n*   [![Image 31: 로켓직구](https://image.coupangcdn.com/image/coupang/home/icons/web/kr/oversea-delivery.png)로켓직구](https://www.coupang.com/np/coupangglobal)\n*   [![Image 32: 골드박스](https://image.coupangcdn.com/image/coupang/home/icons/web/kr/gold-box.png)골드박스](https://pages.coupang.com/p/121237?sourceType=gm_crm_goldbox&subSourceType=gm_crm_gwsrtcut)\n*   [![Image 33: 이달의신상](https://image.coupangcdn.com/image/coupang/home/icons/web/kr/new-item-of-month.png)이달의신상](https://pages.coupang.com/p/136938)\n*   [![Image 34: 판매자특가](https://image.coupangcdn.com/image/coupang/home/icons/web/kr/omp.png)판매자특가](https://www.coupang.com/np/omp)\n*   [![Image 35: 와우회원할인](https://image.coupangcdn.com/image/coupang/home/icons/web/kr/wow.png)와우회원할인](https://www.coupang.com/np/campaigns/83)\n*   [![Image 36: 이벤트/쿠폰](https://image.coupangcdn.com/image/coupang/home/icons/web/kr/benefit.png)이벤트/쿠폰](https://www.coupang.com/np/coupangbenefit)\n*   [![Image 37: 반품마켓](https://image.coupangcdn.com/image/coupang/home/icons/web/kr/returned-market.png)반품마켓](https://pages.coupang.com/p/54908)\n*   [![Image 38: 착한상점](https://image.coupangcdn.com/image/coupang/home/icons/web/kr/sustainable-market.png)착한상점](https://pages.coupang.com/p/63240)\n*   [![Image 39: 기획전](https://image.coupangcdn.com/image/coupang/home/icons/web/kr/event.png)기획전](https://pages.coupang.com/p/bep?sourceType=gm_crm_oms&subSourceType=gm_crm_gwsrtcut)\n*   [![Image 40: 쿠팡트래블](https://image.coupangcdn.com/image/coupang/home/icons/web/kr/travel.png)쿠팡트래블](https://trip.coupang.com/?channel=gnb)\n*   [![Image 41: 입점신청](https://image.coupangcdn.com/image/coupang/home/icons/web/kr/sell-on-coupang.png)입점신청](https://wing.coupang.com/tenants/vendor-signup/signup?utm_source=button_pc_coupang_shortcut_1&utm_medium=non_paid&utm_id=onsite_ca&utm_content=202411)\n\n[](https://www.coupang.com/np/categories/464571)\n\n*   [쿠팡 홈](https://www.coupang.com/)\n*   [로켓프레시](https://www.coupang.com/np/categories/393760)\n*   [정육/계란](https://www.coupang.com/np/categories/420234)\n*   [국내산 소고기](https://www.coupang.com/np/categories/464563)\n*   [구이/스테이크](https://www.coupang.com/np/categories/464564)\n*   [채끝](https://www.coupang.com/np/categories/464571)\n\n#### 필터\n\n*   ![Image 42: rocket_luxury,rocket,coupang_global](https://image.coupangcdn.com/image/badges/falcon/v1/web/rocket-all@2x.png) \n\n    *   ![Image 43: rocket_luxury](https://image.coupangcdn.com/image/coupang/rds/logo/iphone_2x/rds_logo_rlux_light_101719300269126@2x.png)만 보기 \n    *   ![Image 44: rocket](https://image.coupangcdn.com/image/badges/falcon/v1/web/txt_rocket@2x.png)만 보기 \n    *   ![Image 45: coupang_global](https://image.coupangcdn.com/image/badges/falcon/v1/web/txt_jikgu@2x.png)만 보기 \n\n*   ![Image 46: top_brand](https://image.coupangcdn.com/image/badges/top_brand/c-avenue.svg) \n*   무료배송 \n\n##### 카테고리\n\n*   [정육/계란](https://www.coupang.com/np/categories/420234) \n\n    *   [국내산 소고기](https://www.coupang.com/np/categories/464563) \n\n        *   [구이/스테이크](https://www.coupang.com/np/categories/464564) \n\n            *   [채끝](https://www.coupang.com/np/categories/464571) \n            *   [등심](https://www.coupang.com/np/categories/464565) \n            *   [안심](https://www.coupang.com/np/categories/464566) \n            *   [갈비](https://www.coupang.com/np/categories/464567) \n            *   [부채살](https://www.coupang.com/np/categories/464569) \n            *   [양지](https://www.coupang.com/np/categories/464570) \n            *   [특수부위/기타](https://www.coupang.com/np/categories/464568) \n\n        *   [국거리](https://www.coupang.com/np/categories/464572) \n        *   [불고기/샤브샤브/육전](https://www.coupang.com/np/categories/464576) \n        *   [다짐육/이유식](https://www.coupang.com/np/categories/464580) \n        *   [산적/잡채/카레용](https://www.coupang.com/np/categories/464583) \n        *   [찜/장조림](https://www.coupang.com/np/categories/464586) \n        *   [사골/곰탕](https://www.coupang.com/np/categories/464588) \n        *   [찜/탕용](https://www.coupang.com/np/categories/508977) \n\n    *   [수입 소고기](https://www.coupang.com/np/categories/464590) \n    *   [한돈](https://www.coupang.com/np/categories/464618) \n    *   [수입 돼지고기](https://www.coupang.com/np/categories/464640) \n    *   [닭고기](https://www.coupang.com/np/categories/420241) \n    *   [오리고기](https://www.coupang.com/np/categories/420247) \n    *   [양고기/기타](https://www.coupang.com/np/categories/486819) \n    *   [양념육/가공육](https://www.coupang.com/np/categories/420249) \n    *   [햄/소시지](https://www.coupang.com/np/categories/462502) \n    *   [베이컨](https://www.coupang.com/np/categories/462503) \n    *   [계란/알류](https://www.coupang.com/np/categories/497809) \n    *   [정육선물세트](https://www.coupang.com/np/categories/502615) \n\n*   [과일](https://www.coupang.com/np/categories/420186) \n*   [베이커리](https://www.coupang.com/np/categories/420376) \n*   [밀키트](https://www.coupang.com/np/categories/502482) \n*   [냉장/냉동/간편식](https://www.coupang.com/np/categories/502492) \n*   [델리/샐러드](https://www.coupang.com/np/categories/502562) \n*   [통조림/즉석밥/면](https://www.coupang.com/np/categories/503670) \n*   [수산/건어물](https://www.coupang.com/np/categories/420266) \n*   [김치/반찬](https://www.coupang.com/np/categories/420312) \n*   [쌀/잡곡](https://www.coupang.com/np/categories/497571) \n*   [유아식](https://www.coupang.com/np/categories/420388) \n*   [장/양념/소스](https://www.coupang.com/np/categories/497584) \n*   [간식/떡/빙과](https://www.coupang.com/np/categories/435072) \n*   [커피/음료](https://www.coupang.com/np/categories/503684) \n*   [우유/유제품](https://www.coupang.com/np/categories/435052) \n*   [채소](https://www.coupang.com/np/categories/420208) \n*   [건강식품](https://www.coupang.com/np/categories/503714) \n*   [생필품/꽃/반려동물](https://www.coupang.com/np/categories/464913) \n*   [선물세트](https://www.coupang.com/np/categories/429752) \n\n##### 브랜드\n\n*   농협안심한우 \n*   gomgom \n*   목우촌 \n*   전통참한우 \n*   보리육촌 \n*   설성목장 \n*   농협 \n*   생생한우 \n*   설로인 \n*   한우맘 \n*   녹색한우 \n*   이로우 \n*   본고기 \n*   하이포크 \n*   육감하누 \n*   안성한우 \n*   설화우 \n*   대정한우 \n*   횡성한우 \n*   횡성축협한우 \n\n+ 더보기\n\n##### 총 중량\n\n*   300g 이하 \n*   300~500g \n*   500~700g \n*   700~1kg \n*   1~3kg \n*   3kg 이상 \n\n##### 낱개상품 여부\n\n*   낱개상품 \n\n##### 부위\n\n*   채끝 \n\n##### 별점\n\n*   별점 전체 \n*   4점 이상 \n*   3점 이상 \n*   2점 이상 \n*   1점 이상 \n\n##### 가격\n\n*   가격 전체 \n*   2만원 이하 \n*   2만원~4만원 \n*   4만원~6만원 \n*   6만원~8만원 \n*   8만원 이상 \n\n~원 검색 \n\n채끝\n==\n\n필터\n\n*   쿠팡 랭킹순 설명 _쿠팡 랭킹순은 판매 실적, 사용자 선호도,\n\n상품 정보 충실도 및 검색 정확도 등을\n\n종합적으로 고려한 순위입니다._ \n*   낮은가격순 \n*   높은가격순 \n*   판매량순 \n*   최신순 \n\n*   60 개씩 보기 \n*   120 개씩 보기 \n\n*   [![Image 47: 농협안심한우 채끝 1등급 구이용 (냉장), 200g, 1개](https://thumbnail.coupangcdn.com/thumbnails/remote/230x230ex/image/retail/images/5491489223183876-29da7fdc-648b-4816-9056-cb38dbdde0e1.jpg) 농협안심한우 채끝 1등급 구이용 (냉장), 200g, 1개 25%~~31,760원~~**23,780원** ![Image 48: 로켓배송](https://image.coupangcdn.com/image/badges/falcon/v1/web/rocket-fresh@2x.png) (100g당 11,890원) 오늘(토) 도착 보장 4.5 (1379) ![Image 49: 최대 2,090원 적립](https://image.coupangcdn.com/image/badges/cashback/web/list-cash-icon@2x.png)최대 1,189원 적립](https://www.coupang.com/vp/products/7075133882?itemId=17582710364&vendorItemId=84749285812&sourceType=CATEGORY&categoryId=464471)\n*   [![Image 50: 목우촌 국내산 소고기 채끝 구이용 (냉장), 300g, 1개](https://thumbnail.coupangcdn.com/thumbnails/remote/230x230ex/image/retail/images/1908013749704922-74b602ba-1af7-4782-8547-c3e54490f5bc.jpg) 목우촌 국내산 소고기 채끝 구이용 (냉장), 300g, 1개 25%~~29,990원~~**22,320원** ![Image 51: 로켓배송](https://image.coupangcdn.com/image/badges/falcon/v1/web/rocket-fresh@2x.png) (100g당 7,440원) 오늘(토) 도착 보장 4.5 (8134) ![Image 52: 최대 2,090원 적립](https://image.coupangcdn.com/image/badges/cashback/web/list-cash-icon@2x.png)최대 1,116원 적립](https://www.coupang.com/vp/products/1290671052?itemId=2301717160&vendorItemId=70298644333&sourceType=CATEGORY&categoryId=464471)\n*   [![Image 53: 농협안심한우 채끝 1+등급 구이용 (냉장), 200g, 1개](https://thumbnail.coupangcdn.com/thumbnails/remote/230x230ex/image/1025_amir_coupang_oct_80k/d813/acb77379a6e152ecd71b594faa39f8da8157be6c91a1147bd976b196211d.jpg) 농협안심한우 채끝 1+등급 구이용 (냉장), 200g, 1개 21%~~33,760원~~**26,350원** ![Image 54: 로켓배송](https://image.coupangcdn.com/image/badges/falcon/v1/web/rocket-fresh@2x.png) (100g당 13,175원) 오늘(토) 도착 보장 4.5 (1036) ![Image 55: 최대 2,090원 적립](https://image.coupangcdn.com/image/badges/cashback/web/list-cash-icon@2x.png)최대 1,318원 적립](https://www.coupang.com/vp/products/7073094000?itemId=17571202408&vendorItemId=84737944589&sourceType=CATEGORY&categoryId=464471)\n*   [![Image 56: 한우맘 한우 채끝 1등급 구이용 (냉장), 200g, 1개](https://thumbnail.coupangcdn.com/thumbnails/remote/230x230ex/image/rs_quotation_api/q7eijzlc/b373c57e7e9c4ae2a2cf6e7d7a4c1108.jpg) 한우맘 한우 채끝 1등급 구이용 (냉장), 200g, 1개 32%~~31,760원~~**21,300원** ![Image 57: 로켓배송](https://image.coupangcdn.com/image/badges/falcon/v1/web/rocket-fresh@2x.png) (100g당 10,650원)**1,000원** 와우 가입 쿠폰 오늘(토) 도착 보장 4.5 (33) ![Image 58: 최대 2,090원 적립](https://image.coupangcdn.com/image/badges/cashback/web/list-cash-icon@2x.png)최대 1,015원 적립](https://www.coupang.com/vp/products/8263262077?itemId=23807049504&vendorItemId=90830891286&sourceType=CATEGORY&categoryId=464471)\n*   [![Image 59: 전통참한우 1등급 채끝 구이용 (냉장), 200g, 1개](https://thumbnail.coupangcdn.com/thumbnails/remote/230x230ex/image/retail/images/4304697554271076-182a75e9-d408-4bde-a4a7-1784e0969d57.jpg) 전통참한우 1등급 채끝 구이용 (냉장), 200g, 1개 25%~~31,760원~~**23,780원** ![Image 60: 로켓배송](https://image.coupangcdn.com/image/badges/falcon/v1/web/rocket-fresh@2x.png) (100g당 11,890원) 오늘(토) 도착 보장 4.5 (537) ![Image 61: 최대 2,090원 적립](https://image.coupangcdn.com/image/badges/cashback/web/list-cash-icon@2x.png)최대 1,189원 적립](https://www.coupang.com/vp/products/6370095893?itemId=13488735128&vendorItemId=80742922590&sourceType=CATEGORY&categoryId=464471)\n*   [![Image 62: 설성목장 무항생제 인증 한우 1+등급 채끝 스테이크 (냉장), 200g, 1개](https://thumbnail.coupangcdn.com/thumbnails/remote/230x230ex/image/retail/images/294034064473246-4f5f0923-e57d-49b0-b163-b6167b9ac925.jpg) 설성목장 무항생제 인증 한우 1+등급 채끝 스테이크 (냉장), 200g, 1개 21%~~37,130원~~**28,980원** ![Image 63: 로켓배송](https://image.coupangcdn.com/image/badges/falcon/v1/web/rocket-fresh@2x.png) (100g당 14,490원) 오늘(토) 도착 보장 4.5 (2750) ![Image 64: 최대 2,090원 적립](https://image.coupangcdn.com/image/badges/cashback/web/list-cash-icon@2x.png)최대 1,449원 적립](https://www.coupang.com/vp/products/281185417?itemId=892692669&vendorItemId=5245326422&sourceType=CATEGORY&categoryId=464471)\n*   [![Image 65: 참연담소 국내산 소고기 채끝 2등급 구이용 (냉장), 1개, 200g](https://thumbnail.coupangcdn.com/thumbnails/remote/230x230ex/image/rs_quotation_api/ao7lxhge/03abbfe771104fdcb059278190ced295.jpg) 참연담소 국내산 소고기 채끝 2등급 구이용 (냉장), 1개, 200g **13,880원** ![Image 66: 로켓배송](https://image.coupangcdn.com/image/badges/falcon/v1/web/rocket-fresh@2x.png) (100g당 6,940원) 오늘(토) 도착 보장 4.5 (4) ![Image 67: 최대 2,090원 적립](https://image.coupangcdn.com/image/badges/cashback/web/list-cash-icon@2x.png)최대 694원 적립](https://www.coupang.com/vp/products/8552788941?itemId=24765767503&vendorItemId=91774005771&sourceType=CATEGORY&categoryId=464471)\n*   [![Image 68: 곰곰 THE 신선한 호주산 소고기 치마살, 300g, 1개](https://thumbnail.coupangcdn.com/thumbnails/remote/230x230ex/image/retail/images/1078056593741785-3f7f21f6-b7f3-4e9d-9b8b-aace50320479.jpg) 곰곰 THE 신선한 호주산 소고기 치마살, 300g, 1개 11%~~14,490원~~**12,890원** ![Image 69: 로켓배송](https://image.coupangcdn.com/image/badges/falcon/v1/web/rocket-fresh@2x.png) (100g당 4,297원) 오늘(토) 도착 보장 4.5 (1288) ![Image 70: 최대 2,090원 적립](https://image.coupangcdn.com/image/badges/cashback/web/list-cash-icon@2x.png)최대 645원 적립](https://www.coupang.com/vp/products/8159444779?itemId=23256419295&vendorItemId=90288832960&sourceType=CATEGORY&categoryId=464471)\n*   [![Image 71: 농협안심한우 1++등급(7) 채끝 구이용 (냉장), 200g, 1개](https://thumbnail.coupangcdn.com/thumbnails/remote/230x230ex/image/retail/images/2023/04/07/16/6/bf17b734-f552-41b9-a467-280db2220675.jpg) 농협안심한우 1++등급(7) 채끝 구이용 (냉장), 200g, 1개 **43,800원** ![Image 72: 로켓배송](https://image.coupangcdn.com/image/badges/falcon/v1/web/rocket-fresh@2x.png) (100g당 21,900원) 오늘(토) 도착 보장 4.5 (77) ![Image 73: 최대 2,090원 적립](https://image.coupangcdn.com/image/badges/cashback/web/list-cash-icon@2x.png)최대 2,190원 적립](https://www.coupang.com/vp/products/7268416086?itemId=18531015944&vendorItemId=85669410237&sourceType=CATEGORY&categoryId=464471)\n*   [![Image 74: 농협 한우 채끝 1등급 구이용 (냉장), 1개, 200g](https://thumbnail.coupangcdn.com/thumbnails/remote/230x230ex/image/retail/images/234306937676157-3f90afdc-caf1-487b-812e-1c64fdb33832.jpg) 농협 한우 채끝 1등급 구이용 (냉장), 1개, 200g 25%~~31,760원~~**23,780원** ![Image 75: 로켓배송](https://image.coupangcdn.com/image/badges/falcon/v1/web/rocket-fresh@2x.png) (100g당 11,890원) 오늘(토) 도착 보장 5 (18) ![Image 76: 최대 2,090원 적립](https://image.coupangcdn.com/image/badges/cashback/web/list-cash-icon@2x.png)최대 1,189원 적립](https://www.coupang.com/vp/products/8479182636?itemId=24536090246&vendorItemId=91548644021&sourceType=CATEGORY&categoryId=464471)\n*   [![Image 77: 농협안심한우 더한점 채끝 1+등급 구이용 (냉장), 1개, 200g](https://thumbnail.coupangcdn.com/thumbnails/remote/230x230ex/image/retail/images/90051714912244-fd814979-577a-466a-8edb-81e1af186f3a.jpg) 농협안심한우 더한점 채끝 1+등급 구이용 (냉장), 1개, 200g **43,800원** ![Image 78: 로켓배송](https://image.coupangcdn.com/image/badges/falcon/v1/web/rocket-fresh@2x.png) (100g당 21,900원) 오늘(토) 도착 보장 5 (3) ![Image 79: 최대 2,090원 적립](https://image.coupangcdn.com/image/badges/cashback/web/list-cash-icon@2x.png)최대 2,190원 적립](https://www.coupang.com/vp/products/8921769713?itemId=26072071102&vendorItemId=93053102791&sourceType=CATEGORY&categoryId=464471)\n*   [![Image 80: 보리육촌 국내산 소고기 채끝 2등급 (냉장), 200g, 1개](https://thumbnail.coupangcdn.com/thumbnails/remote/230x230ex/image/retail/images/108944607080870-28cc3be5-acf3-4533-98e1-98f72fba021f.jpg) 보리육촌 국내산 소고기 채끝 2등급 (냉장), 200g, 1개 42%~~22,990원~~**13,300원** ![Image 81: 로켓배송](https://image.coupangcdn.com/image/badges/falcon/v1/web/rocket-fresh@2x.png) (100g당 6,650원) 오늘(토) 도착 보장 4.5 (50) ![Image 82: 최대 2,090원 적립](https://image.coupangcdn.com/image/badges/cashback/web/list-cash-icon@2x.png)최대 665원 적립](https://www.coupang.com/vp/products/7246405860?itemId=18422973343&vendorItemId=85564833434&sourceType=CATEGORY&categoryId=464471)\n*   [![Image 83: 곰곰 국내산 소고기 채끝 구이용 (냉장), 1개, 300g](https://thumbnail.coupangcdn.com/thumbnails/remote/230x230ex/image/retail/images/256489948945399-dea2c1a7-b9eb-4e06-815c-88253c1d8f04.jpg) 곰곰 국내산 소고기 채끝 구이용 (냉장), 1개, 300g 32%~~29,900원~~**20,080원** ![Image 84: 로켓배송](https://image.coupangcdn.com/image/badges/falcon/v1/web/rocket-fresh@2x.png) (100g당 6,693원) 오늘(토) 도착 보장 5 (11) ![Image 85: 최대 2,090원 적립](https://image.coupangcdn.com/image/badges/cashback/web/list-cash-icon@2x.png)최대 1,004원 적립](https://www.coupang.com/vp/products/9180955195?itemId=27075228555&vendorItemId=94043530810&sourceType=CATEGORY&categoryId=464471)\n*   [![Image 86: 참연한우 어린암소 채끝 1등급 구이용 (냉장), 200g, 1개](https://thumbnail.coupangcdn.com/thumbnails/remote/230x230ex/image/retail/images/65503130587794-78dc2f43-d0de-47ed-9462-bdeea1140a14.jpg) 참연한우 어린암소 채끝 1등급 구이용 (냉장), 200g, 1개 25%~~31,760원~~**23,780원** ![Image 87: 로켓배송](https://image.coupangcdn.com/image/badges/falcon/v1/web/rocket-fresh@2x.png) (100g당 11,890원) 오늘(토) 도착 보장 4.5 (47) ![Image 88: 최대 2,090원 적립](https://image.coupangcdn.com/image/badges/cashback/web/list-cash-icon@2x.png)최대 1,189원 적립](https://www.coupang.com/vp/products/7755193127?itemId=20899964170&vendorItemId=87967021824&sourceType=CATEGORY&categoryId=464471)\n*   [![Image 89: 보리육촌 국내산 소고기 채끝 (냉장), 1개, 200g](https://thumbnail.coupangcdn.com/thumbnails/remote/230x230ex/image/rs_quotation_api/vjjxzuzi/3312062f473a4fb2b2f2b8f120356d1a.jpg) 보리육촌 국내산 소고기 채끝 (냉장), 1개, 200g **12,490원** ![Image 90: 로켓배송](https://image.coupangcdn.com/image/badges/falcon/v1/web/rocket-fresh@2x.png) (100g당 6,245원) 오늘(토) 도착 보장 4.5 (32) ![Image 91: 최대 2,090원 적립](https://image.coupangcdn.com/image/badges/cashback/web/list-cash-icon@2x.png)최대 575원 적립](https://www.coupang.com/vp/products/8665804389?itemId=25151908532&vendorItemId=92150322880&sourceType=CATEGORY&categoryId=464471)\n*   [![Image 92: 곰곰 1+등급 한우 채끝 구이용 (냉장), 200g, 1개](https://thumbnail.coupangcdn.com/thumbnails/remote/230x230ex/image/retail/images/9624023665828025-3dc78b9a-7880-4880-95b3-158c256e68e9.jpg) 곰곰 1+등급 한우 채끝 구이용 (냉장), 200g, 1개 **25,620원** ![Image 93: 로켓배송](https://image.coupangcdn.com/image/badges/falcon/v1/web/rocket-fresh@2x.png) (100g당 12,810원) 오늘(토) 도착 보장 4.5 (429) ![Image 94: 최대 2,090원 적립](https://image.coupangcdn.com/image/badges/cashback/web/list-cash-icon@2x.png)최대 1,281원 적립](https://www.coupang.com/vp/products/6796281300?itemId=16026006174&vendorItemId=83230272212&sourceType=CATEGORY&categoryId=464471)\n*   [![Image 95: 전통참한우 1+등급 채끝 구이용 (냉장), 200g, 1개](https://thumbnail.coupangcdn.com/thumbnails/remote/230x230ex/image/retail/images/2022/05/19/10/8/7eb2c826-b384-4efd-a102-b81d0ecec876.jpg) 전통참한우 1+등급 채끝 구이용 (냉장), 200g, 1개 21%~~33,760원~~**26,350원** ![Image 96: 로켓배송](https://image.coupangcdn.com/image/badges/falcon/v1/web/rocket-fresh@2x.png) (100g당 13,175원) 오늘(토) 도착 보장 4.5 (283) ![Image 97: 최대 2,090원 적립](https://image.coupangcdn.com/image/badges/cashback/web/list-cash-icon@2x.png)최대 1,318원 적립](https://www.coupang.com/vp/products/6057758617?itemId=14664149530&vendorItemId=81905279033&sourceType=CATEGORY&categoryId=464471)\n*   [![Image 98: 이로우 국내산 무항생제 소고기 채끝 스테이크용 (냉장), 300g, 1팩](https://thumbnail.coupangcdn.com/thumbnails/remote/230x230ex/image/retail/images/1846501073805158-69804775-a732-47a1-b30d-7499cbbfd977.jpg)![Image 99: 쿠팡추천](https://image.coupangcdn.com/image/badges/cou_pick/web/coupick@2x.png) 이로우 국내산 무항생제 소고기 채끝 스테이크용 (냉장), 300g, 1팩 **27,750원** ![Image 100: 로켓배송](https://image.coupangcdn.com/image/badges/falcon/v1/web/rocket-fresh@2x.png) (100g당 9,250원) 오늘(토) 도착 보장 4.5 (365) ![Image 101: 최대 2,090원 적립](https://image.coupangcdn.com/image/badges/cashback/web/list-cash-icon@2x.png)최대 1,388원 적립](https://www.coupang.com/vp/products/2175244624?itemId=3701409901&vendorItemId=71686696733&pickType=COU_PICK&sourceType=CATEGORY&categoryId=464471)\n*   [![Image 102: 설로인 한우 1++(8)등급 채끝 구이용 (냉장), 200g, 1개](https://thumbnail.coupangcdn.com/thumbnails/remote/230x230ex/image/retail/images/35587880970151-475c0b5a-0ab7-4f4a-ad08-cdd55e541b62.JPG) 설로인 한우 1++(8)등급 채끝 구이용 (냉장), 200g, 1개 21%~~54,900원~~**42,900원** ![Image 103: 로켓배송](https://image.coupangcdn.com/image/badges/falcon/v1/web/rocket-fresh@2x.png) (100g당 21,450원) 오늘(토) 도착 보장 5 (318) ![Image 104: 최대 2,090원 적립](https://image.coupangcdn.com/image/badges/cashback/web/list-cash-icon@2x.png)최대 2,145원 적립](https://www.coupang.com/vp/products/5238866701?itemId=7394033333&vendorItemId=74685073143&sourceType=CATEGORY&categoryId=464471)\n*   [![Image 105: 좋은소식 숙성 한우 채끝 2등급 구이용 (냉장), 200g, 1개](https://thumbnail.coupangcdn.com/thumbnails/remote/230x230ex/image/rs_quotation_api/ltt5hysj/beda6a6ab9f2421f9efa80a24572bba5.jpg) 좋은소식 숙성 한우 채끝 2등급 구이용 (냉장), 200g, 1개 25%~~25,400원~~**18,980원** ![Image 106: 로켓배송](https://image.coupangcdn.com/image/badges/falcon/v1/web/rocket-fresh@2x.png) (100g당 9,490원) 오늘(토) 도착 보장 5 (101) ![Image 107: 최대 2,090원 적립](https://image.coupangcdn.com/image/badges/cashback/web/list-cash-icon@2x.png)최대 949원 적립](https://www.coupang.com/vp/products/7691897492?itemId=20571542753&vendorItemId=87646981535&sourceType=CATEGORY&categoryId=464471)\n*   [![Image 108: 설성목장 무항생제 인증 1등급 한우 채끝 스테이크용 (냉장), 200g, 1팩](https://thumbnail.coupangcdn.com/thumbnails/remote/230x230ex/image/retail/images/8950694053491-cc7e937e-122a-45a5-a3b7-1d8a55942884.jpg) 설성목장 무항생제 인증 1등급 한우 채끝 스테이크용 (냉장), 200g, 1팩 25%~~34,930원~~**26,150원** ![Image 109: 로켓배송](https://image.coupangcdn.com/image/badges/falcon/v1/web/rocket-fresh@2x.png) (100g당 13,075원) 오늘(토) 도착 보장 4.5 (137) ![Image 110: 최대 2,090원 적립](https://image.coupangcdn.com/image/badges/cashback/web/list-cash-icon@2x.png)최대 1,308원 적립](https://www.coupang.com/vp/products/1388312017?itemId=2423881491&vendorItemId=70417957609&sourceType=CATEGORY&categoryId=464471)\n*   [![Image 111: 한우 채끝 대패 3등급 구이용 (냉장), 1개, 200g](https://thumbnail.coupangcdn.com/thumbnails/remote/230x230ex/image/rs_quotation_api/mo4xmn11/8cee75a0151746059c64d89b4e2bd7ee.jpg) 한우 채끝 대패 3등급 구이용 (냉장), 1개, 200g **17,500원** ![Image 112: 로켓배송](https://image.coupangcdn.com/image/badges/falcon/v1/web/rocket-fresh@2x.png) (100g당 8,750원) 오늘(토) 도착 보장 5 (6) ![Image 113: 최대 2,090원 적립](https://image.coupangcdn.com/image/badges/cashback/web/list-cash-icon@2x.png)최대 875원 적립](https://www.coupang.com/vp/products/8497702208?itemId=24596034707&vendorItemId=91607612209&sourceType=CATEGORY&categoryId=464471)\n*   [![Image 114: 설화우 1등급 한우 채끝 스테이크용 (냉장), 200g, 1개](https://thumbnail.coupangcdn.com/thumbnails/remote/230x230ex/image/retail/images/113026705379172-98e8a091-4b20-41cf-98ac-061186f87ad0.jpg) 설화우 1등급 한우 채끝 스테이크용 (냉장), 200g, 1개 **23,780원** ![Image 115: 로켓배송](https://image.coupangcdn.com/image/badges/falcon/v1/web/rocket-fresh@2x.png) (100g당 11,890원) 오늘(토) 도착 보장 4.5 (83) ![Image 116: 최대 2,090원 적립](https://image.coupangcdn.com/image/badges/cashback/web/list-cash-icon@2x.png)최대 1,189원 적립](https://www.coupang.com/vp/products/6082307930?itemId=11281783107&vendorItemId=78558611309&sourceType=CATEGORY&categoryId=464471)\n*   [![Image 117: 육교시 한우 채끝 2등급 구이용 (냉장), 200g, 1개](https://thumbnail.coupangcdn.com/thumbnails/remote/230x230ex/image/rs_quotation_api/ybm1wata/272f11b13538421899145409bf7cf4fe.jpg) 육교시 한우 채끝 2등급 구이용 (냉장), 200g, 1개 13%~~25,400원~~**21,960원** ![Image 118: 로켓배송](https://image.coupangcdn.com/image/badges/falcon/v1/web/rocket-fresh@2x.png) (100g당 10,980원) 오늘(토) 도착 보장 3.5 (2) ![Image 119: 최대 2,090원 적립](https://image.coupangcdn.com/image/badges/cashback/web/list-cash-icon@2x.png)최대 1,098원 적립](https://www.coupang.com/vp/products/8234079918?itemId=23701631603&vendorItemId=90726680895&sourceType=CATEGORY&categoryId=464471)\n*   [![Image 120: 전통참한우 채끝 2등급 구이용 (냉장), 200g, 1개](https://thumbnail.coupangcdn.com/thumbnails/remote/230x230ex/image/retail/images/6415908864419853-47a79c67-1b6b-484e-bcc1-0ebed17d0a03.jpg) 전통참한우 채끝 2등급 구이용 (냉장), 200g, 1개 25%~~25,400원~~**18,980원** ![Image 121: 로켓배송](https://image.coupangcdn.com/image/badges/falcon/v1/web/rocket-fresh@2x.png) (100g당 9,490원) 오늘(토) 도착 보장 4.5 (104) ![Image 122: 최대 2,090원 적립](https://image.coupangcdn.com/image/badges/cashback/web/list-cash-icon@2x.png)최대 949원 적립](https://www.coupang.com/vp/products/6058224900?itemId=11129094156&vendorItemId=78407707133&sourceType=CATEGORY&categoryId=464471)\n*   [![Image 123: 생생한우 1등급 채끝 구이용 (냉장), 200g, 1개](https://thumbnail.coupangcdn.com/thumbnails/remote/230x230ex/image/retail/images/892175028752851-26a1063e-659c-4b1e-8baa-79da6b0d26aa.jpg) 생생한우 1등급 채끝 구이용 (냉장), 200g, 1개 25%~~31,760원~~**23,780원** ![Image 124: 로켓배송](https://image.coupangcdn.com/image/badges/falcon/v1/web/rocket-fresh@2x.png) (100g당 11,890원) 오늘(토) 도착 보장 4.5 (1762) ![Image 125: 최대 2,090원 적립](https://image.coupangcdn.com/image/badges/cashback/web/list-cash-icon@2x.png)최대 1,189원 적립](https://www.coupang.com/vp/products/5567048843?itemId=8852175004&vendorItemId=76139184206&sourceType=CATEGORY&categoryId=464471)\n*   [![Image 126: 참연담소 국내산 소고기 채끝 구이용 (냉장), 1개, 200g](https://thumbnail.coupangcdn.com/thumbnails/remote/230x230ex/image/retail/images/59134181351719-8b4e76f9-70d1-418b-9887-ddc8a124b470.JPG) 참연담소 국내산 소고기 채끝 구이용 (냉장), 1개, 200g **12,640원** ![Image 127: 로켓배송](https://image.coupangcdn.com/image/badges/falcon/v1/web/rocket-fresh@2x.png) (100g당 6,320원) 오늘(토) 도착 보장 4 (17) ![Image 128: 최대 2,090원 적립](https://image.coupangcdn.com/image/badges/cashback/web/list-cash-icon@2x.png)최대 632원 적립](https://www.coupang.com/vp/products/8560722142?itemId=24791416653&vendorItemId=91799279053&sourceType=CATEGORY&categoryId=464471)\n*   [![Image 129: 덕경식육관 한우 채끝 1등급 구이용 (냉장), 1개, 200g](https://thumbnail.coupangcdn.com/thumbnails/remote/230x230ex/image/rs_quotation_api/zagqzhoh/57c9f874797f464a95c7b48f9de67ebc.jpg) 덕경식육관 한우 채끝 1등급 구이용 (냉장), 1개, 200g 25%~~31,760원~~**23,780원** ![Image 130: 로켓배송](https://image.coupangcdn.com/image/badges/falcon/v1/web/rocket-fresh@2x.png) (100g당 11,890원) 오늘(토) 도착 보장 4.5 (120) ![Image 131: 최대 2,090원 적립](https://image.coupangcdn.com/image/badges/cashback/web/list-cash-icon@2x.png)최대 1,189원 적립](https://www.coupang.com/vp/products/8515289672?itemId=24651213521&vendorItemId=91661812662&sourceType=CATEGORY&categoryId=464471)\n*   [![Image 132: 육교시 한우 채끝 시즈닝 1등급 스테이크용 (냉장), 300g, 1개](https://thumbnail.coupangcdn.com/thumbnails/remote/230x230ex/image/retail/images/2024/02/27/19/2/14184f94-6351-4187-ba82-2b9481cb9038.jpg) 육교시 한우 채끝 시즈닝 1등급 스테이크용 (냉장), 300g, 1개 **36,250원** ![Image 133: 로켓배송](https://image.coupangcdn.com/image/badges/falcon/v1/web/rocket-fresh@2x.png) (100g당 12,083원) 오늘(토) 도착 보장 4.5 (13) ![Image 134: 최대 2,090원 적립](https://image.coupangcdn.com/image/badges/cashback/web/list-cash-icon@2x.png)최대 1,813원 적립](https://www.coupang.com/vp/products/7925037944?itemId=21784892511&vendorItemId=88833617111&sourceType=CATEGORY&categoryId=464471)\n*   [![Image 135: 녹색한우 무항생제인증 채끝 1+등급 구이용 (냉장), 200g, 1개](https://thumbnail.coupangcdn.com/thumbnails/remote/230x230ex/image/retail/images/98937518919999-613fbd46-d16c-4b30-bf59-c5066a46aec2.jpg) 녹색한우 무항생제인증 채끝 1+등급 구이용 (냉장), 200g, 1개 21%~~37,130원~~**28,980원** ![Image 136: 로켓배송](https://image.coupangcdn.com/image/badges/falcon/v1/web/rocket-fresh@2x.png) (100g당 14,490원) 오늘(토) 도착 보장 5 (161) ![Image 137: 최대 2,090원 적립](https://image.coupangcdn.com/image/badges/cashback/web/list-cash-icon@2x.png)최대 1,449원 적립](https://www.coupang.com/vp/products/6072691842?itemId=11218811298&vendorItemId=78496291697&sourceType=CATEGORY&categoryId=464471)\n*   [![Image 138: 동원 금천한우 1등급 채끝 구이용 (냉장), 200g, 1개](https://thumbnail.coupangcdn.com/thumbnails/remote/230x230ex/image/retail/images/1147974645798517-c16ef26e-647d-45f2-a36e-963643cf60c7.jpg) 동원 금천한우 1등급 채끝 구이용 (냉장), 200g, 1개 25%~~31,760원~~**23,780원** ![Image 139: 로켓배송](https://image.coupangcdn.com/image/badges/falcon/v1/web/rocket-fresh@2x.png) (100g당 11,890원) 오늘(토) 도착 보장 5 (63) ![Image 140: 최대 2,090원 적립](https://image.coupangcdn.com/image/badges/cashback/web/list-cash-icon@2x.png)최대 1,189원 적립](https://www.coupang.com/vp/products/7106681549?itemId=17754191996&vendorItemId=84918596390&sourceType=CATEGORY&categoryId=464471)\n*   [![Image 141: 안성한우 무항생제 인증 채끝 1++등급 (7) 구이용 (냉장), 200g, 1개](https://thumbnail.coupangcdn.com/thumbnails/remote/230x230ex/image/retail/images/2022/07/29/18/5/238fcd96-f3f5-4f6a-9736-b33fa2628dbe.jpg) 안성한우 무항생제 인증 채끝 1++등급 (7) 구이용 (냉장), 200g, 1개 **48,180원** ![Image 142: 로켓배송](https://image.coupangcdn.com/image/badges/falcon/v1/web/rocket-fresh@2x.png) (100g당 24,090원) 오늘(토) 도착 보장 5 (103) ![Image 143: 최대 2,090원 적립](https://image.coupangcdn.com/image/badges/cashback/web/list-cash-icon@2x.png)최대 2,409원 적립](https://www.coupang.com/vp/products/6683225750?itemId=15418878812&vendorItemId=82638689415&sourceType=CATEGORY&categoryId=464471)\n*   [![Image 144: 횡성한우 1+등급 채끝 구이용 (냉장), 200g, 1개](https://thumbnail.coupangcdn.com/thumbnails/remote/230x230ex/image/retail/images/1835464474237383-dfc53847-34cd-4e79-87f3-8750465e4fb7.jpg) 횡성한우 1+등급 채끝 구이용 (냉장), 200g, 1개 **38,000원** ![Image 145: 로켓배송](https://image.coupangcdn.com/image/badges/falcon/v1/web/rocket-fresh@2x.png) (100g당 19,000원) 오늘(토) 도착 보장 4.5 (2377) ![Image 146: 최대 2,090원 적립](https://image.coupangcdn.com/image/badges/cashback/web/list-cash-icon@2x.png)최대 1,900원 적립](https://www.coupang.com/vp/products/1422064929?itemId=2460752645&vendorItemId=70454257085&sourceType=CATEGORY&categoryId=464471)\n*   [![Image 147: 농협안심한우 숙성육 채끝 2등급 구이용 (냉장), 200g, 1팩](https://thumbnail.coupangcdn.com/thumbnails/remote/230x230ex/image/retail/images/5493531873867543-4f309476-482c-4cf6-89dc-5ebce472594a.jpg) 농협안심한우 숙성육 채끝 2등급 구이용 (냉장), 200g, 1팩 25%~~25,400원~~**18,980원** ![Image 148: 로켓배송](https://image.coupangcdn.com/image/badges/falcon/v1/web/rocket-fresh@2x.png) (100g당 9,490원) 오늘(토) 도착 보장 4.5 (226) ![Image 149: 최대 2,090원 적립](https://image.coupangcdn.com/image/badges/cashback/web/list-cash-icon@2x.png)최대 949원 적립](https://www.coupang.com/vp/products/7073093727?itemId=17571201124&vendorItemId=84737943249&sourceType=CATEGORY&categoryId=464471)\n*   [![Image 150: 한우 채끝 대패 3등급 구이용 (냉동), 1개, 200g](https://thumbnail.coupangcdn.com/thumbnails/remote/230x230ex/image/rs_quotation_api/plbomkx2/6902a5383b704b3c97a141a2ebaa0b60.jpg) 한우 채끝 대패 3등급 구이용 (냉동), 1개, 200g **17,500원** ![Image 151: 로켓배송](https://image.coupangcdn.com/image/badges/falcon/v1/web/rocket-fresh@2x.png) (100g당 8,750원) 오늘(토) 도착 보장 5 (36) ![Image 152: 최대 2,090원 적립](https://image.coupangcdn.com/image/badges/cashback/web/list-cash-icon@2x.png)최대 875원 적립](https://www.coupang.com/vp/products/8497702215?itemId=24596034723&vendorItemId=91607612244&sourceType=CATEGORY&categoryId=464471)\n*   [![Image 153: 우미학 한우 1등급 채끝 구이용 (냉장), 200g, 1개](https://thumbnail.coupangcdn.com/thumbnails/remote/230x230ex/image/retail/images/40136014821753-fb2f5b20-4e44-4a71-98a7-0c92e1c14a89.jpg) 우미학 한우 1등급 채끝 구이용 (냉장), 200g, 1개 **23,780원** ![Image 154: 로켓배송](https://image.coupangcdn.com/image/badges/falcon/v1/web/rocket-fresh@2x.png) (100g당 11,890원) 오늘(토) 도착 보장 4.5 (33) ![Image 155: 최대 2,090원 적립](https://image.coupangcdn.com/image/badges/cashback/web/list-cash-icon@2x.png)최대 1,189원 적립](https://www.coupang.com/vp/products/7500263032?itemId=19632162051&vendorItemId=86738570804&sourceType=CATEGORY&categoryId=464471)\n*   [![Image 156: 육감하누 채끝 3등급 바로구이 (냉동), 1개, 300g](https://thumbnail.coupangcdn.com/thumbnails/remote/230x230ex/image/rs_quotation_api/ubgi81du/45a818f6f0174398a803dc2a4e990d11.jpg) 육감하누 채끝 3등급 바로구이 (냉동), 1개, 300g **21,600원** ![Image 157: 로켓배송](https://image.coupangcdn.com/image/badges/falcon/v1/web/rocket-fresh@2x.png) (100g당 7,200원) 오늘(토) 도착 보장 5 (1) ![Image 158: 최대 2,090원 적립](https://image.coupangcdn.com/image/badges/cashback/web/list-cash-icon@2x.png)최대 1,080원 적립](https://www.coupang.com/vp/products/8918131747?itemId=26058888481&vendorItemId=93040222094&sourceType=CATEGORY&categoryId=464471)\n*   [![Image 159: 농협 한우 채끝 1++등급 (7) 구이용 (냉장), 1개, 200g](https://thumbnail.coupangcdn.com/thumbnails/remote/230x230ex/image/rs_quotation_api/4tcasiyu/42b6721b106a47779e98b7f8cb4ff9d5.jpg) 농협 한우 채끝 1++등급 (7) 구이용 (냉장), 1개, 200g **41,800원** ![Image 160: 로켓배송](https://image.coupangcdn.com/image/badges/falcon/v1/web/rocket-fresh@2x.png) (100g당 20,900원) 오늘(토) 도착 보장 5 (1) ![Image 161: 최대 2,090원 적립](https://image.coupangcdn.com/image/badges/cashback/web/list-cash-icon@2x.png)최대 2,090원 적립](https://www.coupang.com/vp/products/8933371853?itemId=26116530028&vendorItemId=93097039631&sourceType=CATEGORY&categoryId=464471)\n*   [![Image 162: 한우맘 한우 채끝 1++등급 (7) 구이용 (냉장), 1개, 200g](https://thumbnail.coupangcdn.com/thumbnails/remote/230x230ex/image/rs_quotation_api/szpmqto0/fe32c27a84f645d3871146ad02043505.jpg) 한우맘 한우 채끝 1++등급 (7) 구이용 (냉장), 1개, 200g **43,800원** ![Image 163: 로켓배송](https://image.coupangcdn.com/image/badges/falcon/v1/web/rocket-fresh@2x.png) (100g당 21,900원) 오늘(토) 도착 보장 5 (7) ![Image 164: 최대 2,090원 적립](https://image.coupangcdn.com/image/badges/cashback/web/list-cash-icon@2x.png)최대 2,190원 적립](https://www.coupang.com/vp/products/8730307098?itemId=25366813525&vendorItemId=92361030598&sourceType=CATEGORY&categoryId=464471)\n*   [![Image 165: 좋은소식 한우 채끝 1등급 구이용 (냉장), 200g, 1개](https://thumbnail.coupangcdn.com/thumbnails/remote/230x230ex/image/retail/images/2382804373830459-cb47e5e6-97dd-4ad0-802b-cc66f2d781cc.jpg) 좋은소식 한우 채끝 1등급 구이용 (냉장), 200g, 1개 25%~~31,760원~~**23,780원** ![Image 166: 로켓배송](https://image.coupangcdn.com/image/badges/falcon/v1/web/rocket-fresh@2x.png) (100g당 11,890원) 오늘(토) 도착 보장 5 (34) ![Image 167: 최대 2,090원 적립](https://image.coupangcdn.com/image/badges/cashback/web/list-cash-icon@2x.png)최대 1,189원 적립](https://www.coupang.com/vp/products/7224961531?itemId=18318750831&vendorItemId=85463574579&sourceType=CATEGORY&categoryId=464471)\n*   [![Image 168: 설성목장 무항생제 한우 1등급 채끝 구이용 (냉장), 200g, 1개](https://thumbnail.coupangcdn.com/thumbnails/remote/230x230ex/image/retail/images/3109113671390967-921659c0-fd07-462f-b6a6-60fbc19b3c12.jpg) 설성목장 무항생제 한우 1등급 채끝 구이용 (냉장), 200g, 1개 25%~~34,930원~~**26,150원** ![Image 169: 로켓배송](https://image.coupangcdn.com/image/badges/falcon/v1/web/rocket-fresh@2x.png) (100g당 13,075원) 오늘(토) 도착 보장 4.5 (295) ![Image 170: 최대 2,090원 적립](https://image.coupangcdn.com/image/badges/cashback/web/list-cash-icon@2x.png)최대 1,308원 적립](https://www.coupang.com/vp/products/1357241435?itemId=2388006636&vendorItemId=70383422144&sourceType=CATEGORY&categoryId=464471)\n*   [![Image 171: 녹색한우 무항생제 인증 1++등급 채끝 구이용 (냉장), 200g, 1개](https://thumbnail.coupangcdn.com/thumbnails/remote/230x230ex/image/retail/images/131655530546361-f110f04e-0329-4d60-8229-8310dab805b4.jpg) 녹색한우 무항생제 인증 1++등급 채끝 구이용 (냉장), 200g, 1개 **48,180원** ![Image 172: 로켓배송](https://image.coupangcdn.com/image/badges/falcon/v1/web/rocket-fresh@2x.png) (100g당 24,090원) 오늘(토) 도착 보장 5 (74) ![Image 173: 최대 2,090원 적립](https://image.coupangcdn.com/image/badges/cashback/web/list-cash-icon@2x.png)최대 2,409원 적립](https://www.coupang.com/vp/products/6410982459?itemId=13748350352&vendorItemId=80999117773&sourceType=CATEGORY&categoryId=464471)\n*   [![Image 174: 설루션 한우 바질 버터 시즈닝 채끝 스테이크 (냉장), 200g, 1개](https://thumbnail.coupangcdn.com/thumbnails/remote/230x230ex/image/retail/images/2022/11/04/18/7/f6d8fe3c-ca51-4d3d-b938-9061babdd0b1.jpg) 설루션 한우 바질 버터 시즈닝 채끝 스테이크 (냉장), 200g, 1개 20%~~32,900원~~**26,300원** ![Image 175: 로켓배송](https://image.coupangcdn.com/image/badges/falcon/v1/web/rocket-fresh@2x.png) (100g당 13,150원) 오늘(토) 도착 보장 4.5 (37) ![Image 176: 최대 2,090원 적립](https://image.coupangcdn.com/image/badges/cashback/web/list-cash-icon@2x.png)최대 1,315원 적립](https://www.coupang.com/vp/products/6922643830?itemId=16722739480&vendorItemId=83904895132&sourceType=CATEGORY&categoryId=464471)\n*   [![Image 177: 동원 금천한우 1등급 채끝 스테이크용 (냉장), 300g, 1개](https://thumbnail.coupangcdn.com/thumbnails/remote/230x230ex/image/retail/images/1147169949308388-4a7cb82b-822e-4713-ab90-798f710690fd.jpg) 동원 금천한우 1등급 채끝 스테이크용 (냉장), 300g, 1개 25%~~47,640원~~**35,670원** ![Image 178: 로켓배송](https://image.coupangcdn.com/image/badges/falcon/v1/web/rocket-fresh@2x.png) (100g당 11,890원) 오늘(토) 도착 보장 4 (24) ![Image 179: 최대 2,090원 적립](https://image.coupangcdn.com/image/badges/cashback/web/list-cash-icon@2x.png)최대 1,784원 적립](https://www.coupang.com/vp/products/7106681539?itemId=17754191966&vendorItemId=84918596372&sourceType=CATEGORY&categoryId=464471)\n*   [![Image 180: 설성목장 무항생제 인증 한우 1++등급 채끝 구이용 (냉장), 200g, 1개](https://thumbnail.coupangcdn.com/thumbnails/remote/230x230ex/image/retail/images/805468592369141-ab8f412f-2837-4711-ae4a-3980342f4bed.jpg) 설성목장 무항생제 인증 한우 1++등급 채끝 구이용 (냉장), 200g, 1개 **48,180원** ![Image 181: 로켓배송](https://image.coupangcdn.com/image/badges/falcon/v1/web/rocket-fresh@2x.png) (100g당 24,090원) 오늘(토) 도착 보장 4.5 (348) ![Image 182: 최대 2,090원 적립](https://image.coupangcdn.com/image/badges/cashback/web/list-cash-icon@2x.png)최대 2,409원 적립](https://www.coupang.com/vp/products/4562719626?itemId=5560587555&vendorItemId=72859977108&sourceType=CATEGORY&categoryId=464471)\n*   [![Image 183: 우미학 한우 채끝 1++등급(7이상) 구이용 200g + 깍두기볶음밥용 깍두기장 150g 증정 (냉장), 1세트](https://thumbnail.coupangcdn.com/thumbnails/remote/230x230ex/image/retail/images/639570694355186-a2de23c8-48fa-4e47-bb86-b03fa4e7eee8.JPG) 우미학 한우 채끝 1++등급(7이상) 구이용 200g + 깍두기볶음밥용 깍두기장 150g 증정 (냉장), 1세트 21%~~59,990원~~**47,100원** ![Image 184: 로켓배송](https://image.coupangcdn.com/image/badges/falcon/v1/web/rocket-fresh@2x.png) (100g당 13,457원) 오늘(토) 도착 보장 5 (87) ![Image 185: 최대 2,090원 적립](https://image.coupangcdn.com/image/badges/cashback/web/list-cash-icon@2x.png)최대 2,355원 적립](https://www.coupang.com/vp/products/6630818367?itemId=15114982973&vendorItemId=82336781326&sourceType=CATEGORY&categoryId=464471)\n*   [![Image 186: 설루션 한우 오레가노 버터 시즈닝 채끝 스테이크 (냉장), 200g, 1개](https://thumbnail.coupangcdn.com/thumbnails/remote/230x230ex/image/retail/images/2022/11/04/18/2/ec1912d0-0756-4104-ab43-cd1a2481fa0b.jpg) 설루션 한우 오레가노 버터 시즈닝 채끝 스테이크 (냉장), 200g, 1개 20%~~32,900원~~**26,300원** ![Image 187: 로켓배송](https://image.coupangcdn.com/image/badges/falcon/v1/web/rocket-fresh@2x.png) (100g당 13,150원) 오늘(토) 도착 보장 5 (55) ![Image 188: 최대 2,090원 적립](https://image.coupangcdn.com/image/badges/cashback/web/list-cash-icon@2x.png)최대 1,315원 적립](https://www.coupang.com/vp/products/6922644335?itemId=16722742225&vendorItemId=83904898114&sourceType=CATEGORY&categoryId=464471)\n*   [![Image 189: 설로인 한우 채끝 1등급 (냉장), 200g, 1개](https://thumbnail.coupangcdn.com/thumbnails/remote/230x230ex/image/retail/images/5129881827534671-99f0dc10-ec61-4cd4-8ca8-ab39701f3f8b.jpg) 설로인 한우 채끝 1등급 (냉장), 200g, 1개 **34,100원** ![Image 190: 로켓배송](https://image.coupangcdn.com/image/badges/falcon/v1/web/rocket-fresh@2x.png) (100g당 17,050원) 오늘(토) 도착 보장 4.5 (496) ![Image 191: 최대 2,090원 적립](https://image.coupangcdn.com/image/badges/cashback/web/list-cash-icon@2x.png)최대 1,705원 적립](https://www.coupang.com/vp/products/5238866717?itemId=7394033372&vendorItemId=74685073179&sourceType=CATEGORY&categoryId=464471)\n*   [![Image 192: 농협안심한우 더한점 채끝 1++등급 구이용 (냉장), 1개, 200g](https://thumbnail.coupangcdn.com/thumbnails/remote/230x230ex/image/retail/images/20415806626739-320a9634-acb0-471e-a8a8-f691104868bf.jpg) 농협안심한우 더한점 채끝 1++등급 구이용 (냉장), 1개, 200g **43,800원** ![Image 193: 로켓배송](https://image.coupangcdn.com/image/badges/falcon/v1/web/rocket-fresh@2x.png) (100g당 21,900원) 오늘(토) 도착 보장 5 (3) ![Image 194: 최대 2,090원 적립](https://image.coupangcdn.com/image/badges/cashback/web/list-cash-icon@2x.png)최대 2,190원 적립](https://www.coupang.com/vp/products/8921769706?itemId=26072071078&vendorItemId=93053102774&sourceType=CATEGORY&categoryId=464471)\n*   [![Image 195: 횡성한우 1++ 채끝 스테이크용 (냉장), 200g, 1개](https://thumbnail.coupangcdn.com/thumbnails/remote/230x230ex/image/retail/images/651488373555400-78b27dc3-011c-4cf5-80b9-044a822971bd.JPG) 횡성한우 1++ 채끝 스테이크용 (냉장), 200g, 1개 **47,160원** ![Image 196: 로켓배송](https://image.coupangcdn.com/image/badges/falcon/v1/web/rocket-fresh@2x.png) (100g당 23,580원) 오늘(토) 도착 보장 4.5 (455) ![Image 197: 최대 2,090원 적립](https://image.coupangcdn.com/image/badges/cashback/web/list-cash-icon@2x.png)최대 2,358원 적립](https://www.coupang.com/vp/products/2361011386?itemId=4099130812&vendorItemId=72083094807&sourceType=CATEGORY&categoryId=464471)\n*   [![Image 198: 설로인 한우 1++(8)등급 채끝 구이용 (냉장), 300g, 1개](https://thumbnail.coupangcdn.com/thumbnails/remote/230x230ex/image/retail/images/853780482777914-43dfff14-7809-48f7-b9ff-beb7a960633d.JPG) 설로인 한우 1++(8)등급 채끝 구이용 (냉장), 300g, 1개 19%~~79,900원~~**64,350원** ![Image 199: 로켓배송](https://image.coupangcdn.com/image/badges/falcon/v1/web/rocket-fresh@2x.png) (100g당 21,450원) 오늘(토) 도착 보장 5 (156) ![Image 200: 최대 2,090원 적립](https://image.coupangcdn.com/image/badges/cashback/web/list-cash-icon@2x.png)최대 3,218원 적립](https://www.coupang.com/vp/products/5578605486?itemId=8909647428&vendorItemId=76196272092&sourceType=CATEGORY&categoryId=464471)\n*   [![Image 201: 횡성한우 2등급 채끝 구이용 (냉장), 200g, 1팩](https://thumbnail.coupangcdn.com/thumbnails/remote/230x230ex/image/retail/images/2022/12/15/12/8/6bd59aab-7724-4cbd-98d3-5b47b97600b7.jpg) 횡성한우 2등급 채끝 구이용 (냉장), 200g, 1팩 **22,900원** ![Image 202: 로켓배송](https://image.coupangcdn.com/image/badges/falcon/v1/web/rocket-fresh@2x.png) (100g당 11,450원) 오늘(토) 도착 보장 5 (92) ![Image 203: 최대 2,090원 적립](https://image.coupangcdn.com/image/badges/cashback/web/list-cash-icon@2x.png)최대 1,145원 적립](https://www.coupang.com/vp/products/6999832333?itemId=17162658014&vendorItemId=84335075204&sourceType=CATEGORY&categoryId=464471)\n*   [![Image 204: 농협 한우 채끝 1+등급 구이용 (냉장), 1개, 200g](https://thumbnail.coupangcdn.com/thumbnails/remote/230x230ex/image/rs_quotation_api/9mfecalf/dce17036388d4d339fbb7639732e2759.jpg) 농협 한우 채끝 1+등급 구이용 (냉장), 1개, 200g **31,600원** ![Image 205: 로켓배송](https://image.coupangcdn.com/image/badges/falcon/v1/web/rocket-fresh@2x.png) (100g당 15,800원) 오늘(토) 도착 보장 5 (12) ![Image 206: 최대 2,090원 적립](https://image.coupangcdn.com/image/badges/cashback/web/list-cash-icon@2x.png)최대 1,580원 적립](https://www.coupang.com/vp/products/8933356140?itemId=26116457590&vendorItemId=93096968603&sourceType=CATEGORY&categoryId=464471)\n*   [![Image 207: 설루션 한우 채끝 트러플 시즈닝 스테이크 (냉장), 200g, 1개](https://thumbnail.coupangcdn.com/thumbnails/remote/230x230ex/image/retail/images/4268995731150984-a8756093-3d33-4809-a1ab-987271412260.jpg) 설루션 한우 채끝 트러플 시즈닝 스테이크 (냉장), 200g, 1개 21%~~32,900원~~**25,900원** ![Image 208: 로켓배송](https://image.coupangcdn.com/image/badges/falcon/v1/web/rocket-fresh@2x.png) (100g당 12,950원) 오늘(토) 도착 보장 5 (42) ![Image 209: 최대 2,090원 적립](https://image.coupangcdn.com/image/badges/cashback/web/list-cash-icon@2x.png)최대 1,295원 적립](https://www.coupang.com/vp/products/6509940057?itemId=14374139268&vendorItemId=81618486205&sourceType=CATEGORY&categoryId=464471)\n*   [![Image 210: 횡성한우 채끝 1등급 (냉장), 250g, 1개](https://thumbnail.coupangcdn.com/thumbnails/remote/230x230ex/image/retail/images/1908777956602689-c327e630-85ad-439f-b4f5-ce025c82602f.jpg) 횡성한우 채끝 1등급 (냉장), 250g, 1개 **39,990원** ![Image 211: 로켓배송](https://image.coupangcdn.com/image/badges/falcon/v1/web/rocket-fresh@2x.png) (100g당 15,996원) 오늘(토) 도착 보장 4.5 (436) ![Image 212: 최대 2,090원 적립](https://image.coupangcdn.com/image/badges/cashback/web/list-cash-icon@2x.png)최대 2,000원 적립](https://www.coupang.com/vp/products/1500234998?itemId=2576163687&vendorItemId=70568444120&sourceType=CATEGORY&categoryId=464471)\n*   [![Image 213: 설성목장 무항생제 인증 한우 1+ 채끝 구이용 (냉장), 200g, 1개](https://thumbnail.coupangcdn.com/thumbnails/remote/230x230ex/image/retail/images/3107811102472076-7b826f7e-ca01-487e-8513-e311edcde0ca.jpg) 설성목장 무항생제 인증 한우 1+ 채끝 구이용 (냉장), 200g, 1개 21%~~37,130원~~**28,980원** ![Image 214: 로켓배송](https://image.coupangcdn.com/image/badges/falcon/v1/web/rocket-fresh@2x.png) (100g당 14,490원) 오늘(토) 도착 보장 4.5 (441) ![Image 215: 최대 2,090원 적립](https://image.coupangcdn.com/image/badges/cashback/web/list-cash-icon@2x.png)최대 1,449원 적립](https://www.coupang.com/vp/products/281185378?itemId=892692546&vendorItemId=5245326244&sourceType=CATEGORY&categoryId=464471)\n*   [![Image 216: 저온숙성한우 1++(7) 채끝 구이용 (냉장), 200g, 1개](https://thumbnail.coupangcdn.com/thumbnails/remote/230x230ex/image/retail/images/72043080168829-d97eb70f-37c8-4ba9-87f9-54d99ebae327.JPG) 저온숙성한우 1++(7) 채끝 구이용 (냉장), 200g, 1개 11%~~47,450원~~**41,800원** ![Image 217: 로켓배송](https://image.coupangcdn.com/image/badges/falcon/v1/web/rocket-fresh@2x.png) (100g당 20,900원) 내일(일) 새벽 도착 보장 4.5 (31) ![Image 218: 최대 2,090원 적립](https://image.coupangcdn.com/image/badges/cashback/web/list-cash-icon@2x.png)최대 2,090원 적립](https://www.coupang.com/vp/products/8259380439?itemId=23790921152&vendorItemId=90814965015&sourceType=CATEGORY&categoryId=464471)\n*   [![Image 219: 저온숙성한우 채끝 1+등급 구이용 (냉장), 200g, 1개](https://thumbnail.coupangcdn.com/thumbnails/remote/230x230ex/image/retail/images/599144885791133-36744724-f61f-46c6-a407-202ebee9aecd.jpg) 저온숙성한우 채끝 1+등급 구이용 (냉장), 200g, 1개 **31,600원** ![Image 220: 로켓배송](https://image.coupangcdn.com/image/badges/falcon/v1/web/rocket-fresh@2x.png) (100g당 15,800원) 일시품절 4 (6)](https://www.coupang.com/vp/products/8185862950?itemId=23410165289&vendorItemId=90437260687&sourceType=CATEGORY&categoryId=464471)\n*   [![Image 221: 우미학 한우 채끝 1++등급(7이상) 구이용 200g + 깍두기볶음밥용 깍두기장 150g 증정 (냉장), 1세트](https://thumbnail.coupangcdn.com/thumbnails/remote/230x230ex/image/retail/images/639570694355186-a2de23c8-48fa-4e47-bb86-b03fa4e7eee8.JPG) 우미학 한우 채끝 1++등급(7이상) 구이용 200g + 깍두기볶음밥용 깍두기장 150g 증정 (냉장), 1세트 **47,100원** ![Image 222: 로켓배송](https://image.coupangcdn.com/image/badges/falcon/v1/web/rocket-fresh@2x.png) 일시품절 5 (75)](https://www.coupang.com/vp/products/6667294722?itemId=15327023391&vendorItemId=82547333851&sourceType=CATEGORY&categoryId=464471)\n*   [![Image 223: 저온숙성한우 채끝 1등급 구이용 (냉장), 200g, 1개](https://thumbnail.coupangcdn.com/thumbnails/remote/230x230ex/image/retail/images/598623333010113-8a92558e-d45f-42b0-b729-49dffb51353d.jpg) 저온숙성한우 채끝 1등급 구이용 (냉장), 200g, 1개 **26,100원** ![Image 224: 로켓배송](https://image.coupangcdn.com/image/badges/falcon/v1/web/rocket-fresh@2x.png) (100g당 13,050원) 일시품절 4.5 (46)](https://www.coupang.com/vp/products/8185862941?itemId=23410165269&vendorItemId=90437260662&sourceType=CATEGORY&categoryId=464471)\n\n이전[1](https://www.coupang.com/np/categories/464571?page=1)[2](https://www.coupang.com/np/categories/464571?page=2)[3](https://www.coupang.com/np/categories/464571?page=3)[4](https://www.coupang.com/np/categories/464571?page=4)[5](https://www.coupang.com/np/categories/464571?page=5)[다음](https://www.coupang.com/np/categories/464571?page=2 \"다음\")\n\n함께 본 카테고리\n---------\n\n[등심](https://www.coupang.com/np/categories/464565 \"등심\")\n\n[안심](https://www.coupang.com/np/categories/464566 \"안심\")\n\n[갈비](https://www.coupang.com/np/categories/464567 \"갈비\")\n\n[부채살](https://www.coupang.com/np/categories/464569 \"부채살\")\n\n[양지](https://www.coupang.com/np/categories/464570 \"양지\")\n\n[특수부위/기타](https://www.coupang.com/np/categories/464568 \"특수부위/기타\")\n\n[회사소개](https://news.coupang.com/)[Investor Relations](https://ir.aboutcoupang.com/overview/default.aspx)[인재채용](https://rocketyourcareer.kr.coupang.com/)[입점/제휴문의](https://marketplace.coupangcorp.com/s/?utm_source=button_pc&utm_medium=non_paid&utm_campaign=onsite_ca&utm_id=coupang_app?inflow=WEB_FOOTER_B)[공지사항](https://mc.coupang.com/ssr/desktop/contact/notice)[고객의 소리](https://mc.coupang.com/ssr/desktop/contact/voc)[이용약관](https://www.coupang.com/np/policies/terms)[**개인정보 처리방침**](https://privacy.coupang.com/ko/center/coupang)[정보보호/개인정보보호 인증](https://privacy.coupang.com/ko/security/status)[쿠팡페이 이용약관](https://rocketpay.coupang.com/rocketpay/operationTerms/coupangPcFooter)[신뢰관리센터](https://www.coupang.com/np/safety)[제휴마케팅](https://partners.coupang.com/)[광고안내](https://ads.coupang.com/)\n\nGlobal Site\n\n*   [Coupang Taiwan 酷澎台灣](https://www.tw.coupang.com/)\n\n[![Image 225](https://front.coupangcdn.com/front-web-next/_next/static/media/logo.f2c4ccb2.png)](https://www.coupang.com/ \"COUPANG\")\n\n상호명 및 호스팅 서비스 제공 : 쿠팡(주) \n\n 대표이사 : 박대준 \n\n 서울시 송파구 송파대로 570 \n\n 사업자 등록번호 : 120-88-00767 \n\n 통신판매업신고 : 2017-서울송파-0680 \n\n[사업자정보 확인 >](http://www.ftc.go.kr/info/bizinfo/communicationViewPopup.jsp?wrkr_no=1208800767)\n\n[**365고객센터** | 전자금융거래분쟁처리담당 _1577-7011 (유료)_ 서울시 송파구 송파대로 570 email : help@coupang.com](https://mc.coupang.com/ssr/desktop/contact/inquiry)\n\n**채무지급보증 안내**\n\n 당사는 고객님이 현금 결제한 금액에 대해 \n\n 채무지급보증 계약을 체결하여 \n\n 안전거래를 보장하고 있습니다. \n\n[서비스 가입사실 확인 >](https://www.coupang.com/np/etc/popWooriService)\n\n![Image 226](https://front.coupangcdn.com/front-web-next/_next/static/media/5.73affd35.png)\n\n![Image 227](https://front.coupangcdn.com/front-web-next/_next/static/media/6.901d77a5.png)\n\n사이버몰 내 판매되는 상품 중에는 쿠팡에 등록한 개별 판매자가 판매하는 마켓플레이스(오픈마켓) 상품이 포함되어 있습니다. \n\n 마켓플레이스(오픈마켓) 상품의 경우 쿠팡은 통신판매중개자이며 통신판매의 당사자가 아닙니다. \n\n 쿠팡은 마켓플레이스(오픈마켓) 상품, 거래정보 및 거래 등에 대하여 책임을 지지 않습니다. \n\n 쿠팡은 소비자 보호와 안전거래를 위해 신뢰관리센터(CM112@coupang.com)를 운영하고 있으며, 관련 분쟁이 발생할 경우 별도의 분쟁 처리절차에 의거 분쟁이 처리됩니다. \n\n Copyright © Coupang Corp. 2010-2025 All Rights Reserved.\n\n*   [![Image 228](https://front.coupangcdn.com/front-web-next/_next/static/media/f.34bde318.png)](https://www.facebook.com/Coupang.korea)\n*   [![Image 229](https://front.coupangcdn.com/front-web-next/_next/static/media/b.637cda1c.png)](https://news.coupang.com/)\n*   [![Image 230](https://front.coupangcdn.com/front-web-next/_next/static/media/s.a7aca4ea.png)](https://www.instagram.com/coupang)"
      },
      {
        "platform": "coupang",
        "title": "정육 - 한우갈비세트, 한우등심/불고기세트, 한우사골/꼬리세트, 한우...",
        "url": "https://www.coupang.com/np/categories/196407",
        "snippet": "[![Image 147: [홈쇼핑] 강병원 한우 투뿔 스테이크, 3개]( [홈쇼핑] 강병원 한우 투뿔 스테이크, 3개 16%~~39,900원~~33,460원 (1세트당 11,153원) 12/5(금) 도착 예정 4 (150) Image 148: 최대 1,495원 적립최대 1,673원 적립](\n   Image 149: 움찬육가 한우 암소 잡뼈 몸보신 곰국 곰탕용 2kg, 1개무료배송 움찬육가 한우 암소 잡뼈 몸보신 곰국 곰탕용 2kg, 1개 할인 11%~~8,600원~~7,600원 (1세트당 7,600원) 12/2(화) 도착 예정 5 (2) Image 150: 최대 1,495원 적립최대 380원 적립 [...] 정육 - 한우갈비세트, 한우등심/불고기세트, 한우사골/꼬리세트, 한우혼합세트 | 쿠팡\n\nImage 1Image 2\n\nX\n\n   판매자 가입\n   고객센터\n자주묻는 질문1:1 채팅문의고객의 소리취소 / 반품 안내\n\n   회원가입\n   로그인\n   즐겨찾기\n   입점신청\n오픈마켓여행·티켓로켓배송제휴마케팅로켓그로스\n\n.\n\n카테고리\n\n쇼핑\n\n티켓\n\n테마관\n\n   입점/판매 신청\n\nImage 3: Coupang\n\n전체\n\n전체삭제 최근검색어끄기 [...] [![Image 166: [명절인기특가]김하진 궁중 표고버섯 찜갈비 500 x 6팩(총 3kg), 6개]( [명절인기특가]김하진 궁중 표고버섯 찜갈비 500 x 6팩(총 3kg), 6개 16%~~59,900원~~49,900원 (1세트당 8,317원) 12/4(목) 도착 예정 3 (55) Image 167: 최대 1,495원 적립최대 2,495원 적립](\n   Image 168: 바다원 한입만 어포튀각, 2개무료배송 바다원 한입만 어포튀각, 2개 13,640원 (1세트당 6,820원) 12/3(수) 도착 예정 5 (31) Image 169: 최대 1,495원 적립최대 682원 적립\n   Image 170: 한우이츠 한우 꼬리반골 3kg, 1개 한우이츠 한우 꼬리반골 3kg, 1개 쿠폰할인 74%~~38,000원~~9,880원 (1세트당 9,880원) 12/2(화) 도착 예정 4 (2) Image 171: 최대 1,495원 적립최대 494원 적립",
        "score": 0.33024487,
        "timestamp": "2025-11-29T02:23:22.759328",
        "raw_content": "정육 - 한우갈비세트, 한우등심/불고기세트, 한우사골/꼬리세트, 한우혼합세트 | 쿠팡\n\n===============\n\n[![Image 1](https://static.coupangcdn.com/ea/cmg_paperboy/image/1646271114206/C0-Left_basic.jpg)](https://www.coupang.com/np/campaigns/82?adType=DA&eventId=57Hju4R7BU6kSt1E)[![Image 2](https://static.coupangcdn.com/ya/cmg_paperboy/image/1764139787980/C0.jpg)](https://pages.coupang.com/p/157429?adType=DA&eventId=pdssCwRy2ytY2RGZ)\n\n[X](https://www.coupang.com/np/categories/196407)\n\n*   [판매자 가입](https://wing.coupang.com/tenants/vendor-signup/signup?utm_source=button_pc_coupang_app_category_3&utm_medium=non_paid&utm_id=onsite_ca&utm_content=20240328)\n*   [고객센터](https://mc.coupang.com/ssr/desktop/contact/faq)\n[자주묻는 질문](https://mc.coupang.com/ssr/desktop/contact/faq)[1:1 채팅문의](https://mc.coupang.com/ssr/desktop/contact/inquiry)[고객의 소리](https://mc.coupang.com/ssr/desktop/contact/voc)[취소 / 반품 안내](https://www.coupang.com/returnPolicy.pang)\n\n*   [회원가입](https://login.coupang.com/login/memberJoinFrm.pang \"회원가입\")\n*   [로그인](https://login.coupang.com/login/login.pang?rtnUrl=https%3A%2F%2Fwww.coupang.com%2Fnp%2Fpost%2Flogin%3Fr%3Dhttp%253A%252F%252Fwww.coupang.com%252Fnp%252Fcategories%252F196407 \"로그인\")\n*   [즐겨찾기](https://www.coupang.com/np/categories/196407)\n*   [입점신청](https://www.coupang.com/np/categories/196407)\n[오픈마켓](https://marketplace.coupangcorp.com/s/?utm_source=button_pc&utm_medium=non_paid&utm_campaign=onsite_ca&utm_id=coupang_app)[여행·티켓](https://with.coupang.com/contract/initialize)[로켓배송](https://supplier.coupang.com/welcome/join)[제휴마케팅](https://partners.coupang.com/)[로켓그로스](https://sell.coupang.com/?utm_source=web_button_pc_rg&utm_medium=referral&utm_campaign=onsite_lead&utm_id=coupang_web?inflow=WEB_HEADER_B)\n\n.\n\n카테고리\n\n쇼핑\n\n티켓\n\n테마관\n\n*   [입점/판매 신청](https://wing.coupang.com/tenants/vendor-signup/signup?utm_source=button_pc_coupang_app_category_3&utm_medium=non_paid&utm_id=onsite_ca&utm_content=20240328)\n\n[![Image 3: Coupang](https://image7.coupangcdn.com/image/coupang/common/logo_coupang_w350.png)](https://www.coupang.com/)\n\n[전체](https://www.coupang.com/np/categories/196407)\n\n전체삭제 최근검색어끄기\n\n[](https://www.coupang.com/np/categories/196407)![Image 4](https://front.coupangcdn.com/front-web-next/_next/static/media/search.85cd3dbf.png)\n*   [![Image 5](https://front.coupangcdn.com/front-web-next/_next/static/media/person.07e45e52.png)마이쿠팡](https://mc.coupang.com/ssr/desktop/order/list)\n[주문목록](https://mc.coupang.com/ssr/desktop/order/list)[취소/반품](https://mc.coupang.com/ssr/desktop/cancel-return-exchange/list)[찜 리스트](https://wish-web.coupang.com/wishInitView.pang)\n\n*   [![Image 6](https://front.coupangcdn.com/front-web-next/_next/static/media/cart.ccef8f9e.png)장바구니](https://cart.coupang.com/cartView.pang)\n\n  \n\n    *   장바구니에 담긴 상품이 없습니다.\n\n[장바구니 전체보기](https://cart.coupang.com/cartView.pang)\n\n[](https://www.coupang.com/np/categories/196407)\n\n*   [![Image 7: 쿠팡플레이](https://image.coupangcdn.com/image/coupang/home/icons/web/kr/coupang-play.png)쿠팡플레이](https://www.coupangplay.com/catalog)\n*   [![Image 8: 로켓배송](https://image.coupangcdn.com/image/coupang/home/icons/web/kr/rocket-delivery.png)로켓배송](https://www.coupang.com/np/campaigns/82)\n*   [![Image 9: 로켓프레시](https://image.coupangcdn.com/image/coupang/home/icons/web/kr/rocket-fresh.png)로켓프레시](https://www.coupang.com/np/categories/393760)\n*   [![Image 10: 크리스마스](https://image.coupangcdn.com/image/coupang/home/icons/Christmas/Christmas_PC_2025.png)크리스마스](https://pages.coupang.com/p/158677)\n*   [![Image 11: 다시 구매](https://image.coupangcdn.com/image/coupang/common/fbi_icon_3x.png)다시 구매](https://www.coupang.com/np/fbi?sourceType=home_section_fbi)\n*   [![Image 12: 쿠팡비즈](https://image.coupangcdn.com/image/coupang/home/icons/web/kr/biz.png)쿠팡비즈](https://login.coupang.com/corporation/member/landing-page)\n*   [![Image 13: 로켓직구](https://image.coupangcdn.com/image/coupang/home/icons/web/kr/oversea-delivery.png)로켓직구](https://www.coupang.com/np/coupangglobal)\n*   [![Image 14: 골드박스](https://image.coupangcdn.com/image/coupang/home/icons/web/kr/gold-box.png)골드박스](https://pages.coupang.com/p/121237?sourceType=gm_crm_goldbox&subSourceType=gm_crm_gwsrtcut)\n*   [![Image 15: 이달의신상](https://image.coupangcdn.com/image/coupang/home/icons/web/kr/new-item-of-month.png)이달의신상](https://pages.coupang.com/p/136938)\n*   [![Image 16: 판매자특가](https://image.coupangcdn.com/image/coupang/home/icons/web/kr/omp.png)판매자특가](https://www.coupang.com/np/omp)\n*   [![Image 17: 와우회원할인](https://image.coupangcdn.com/image/coupang/home/icons/web/kr/wow.png)와우회원할인](https://www.coupang.com/np/campaigns/83)\n*   [![Image 18: 이벤트/쿠폰](https://image.coupangcdn.com/image/coupang/home/icons/web/kr/benefit.png)이벤트/쿠폰](https://www.coupang.com/np/coupangbenefit)\n*   [![Image 19: 반품마켓](https://image.coupangcdn.com/image/coupang/home/icons/web/kr/returned-market.png)반품마켓](https://pages.coupang.com/p/54908)\n*   [![Image 20: 착한상점](https://image.coupangcdn.com/image/coupang/home/icons/web/kr/sustainable-market.png)착한상점](https://pages.coupang.com/p/63240)\n*   [![Image 21: 기획전](https://image.coupangcdn.com/image/coupang/home/icons/web/kr/event.png)기획전](https://pages.coupang.com/p/bep?sourceType=gm_crm_oms&subSourceType=gm_crm_gwsrtcut)\n*   [![Image 22: 쿠팡트래블](https://image.coupangcdn.com/image/coupang/home/icons/web/kr/travel.png)쿠팡트래블](https://trip.coupang.com/?channel=gnb)\n*   [![Image 23: 입점신청](https://image.coupangcdn.com/image/coupang/home/icons/web/kr/sell-on-coupang.png)입점신청](https://wing.coupang.com/tenants/vendor-signup/signup?utm_source=button_pc_coupang_shortcut_1&utm_medium=non_paid&utm_id=onsite_ca&utm_content=202411)\n\n[](https://www.coupang.com/np/categories/196407)\n\n[전체](https://www.coupang.com/np/categories/196407#)\n*   [전체](https://www.coupang.com/np/categories/196407#)\n\n전체삭제 최근검색어끄기\n\n[](https://www.coupang.com/np/categories/196407)![Image 24](https://front.coupangcdn.com/front-web-next/_next/static/media/search.85cd3dbf.png)\n\n[](https://www.coupang.com/np/categories/196407)\n\n*   [![Image 25: 쿠팡플레이](https://image.coupangcdn.com/image/coupang/home/icons/web/kr/coupang-play.png)쿠팡플레이](https://www.coupangplay.com/catalog)\n*   [![Image 26: 로켓배송](https://image.coupangcdn.com/image/coupang/home/icons/web/kr/rocket-delivery.png)로켓배송](https://www.coupang.com/np/campaigns/82)\n*   [![Image 27: 로켓프레시](https://image.coupangcdn.com/image/coupang/home/icons/web/kr/rocket-fresh.png)로켓프레시](https://www.coupang.com/np/categories/393760)\n*   [![Image 28: 크리스마스](https://image.coupangcdn.com/image/coupang/home/icons/Christmas/Christmas_PC_2025.png)크리스마스](https://pages.coupang.com/p/158677)\n*   [![Image 29: 다시 구매](https://image.coupangcdn.com/image/coupang/common/fbi_icon_3x.png)다시 구매](https://www.coupang.com/np/fbi?sourceType=home_section_fbi)\n*   [![Image 30: 쿠팡비즈](https://image.coupangcdn.com/image/coupang/home/icons/web/kr/biz.png)쿠팡비즈](https://login.coupang.com/corporation/member/landing-page)\n*   [![Image 31: 로켓직구](https://image.coupangcdn.com/image/coupang/home/icons/web/kr/oversea-delivery.png)로켓직구](https://www.coupang.com/np/coupangglobal)\n*   [![Image 32: 골드박스](https://image.coupangcdn.com/image/coupang/home/icons/web/kr/gold-box.png)골드박스](https://pages.coupang.com/p/121237?sourceType=gm_crm_goldbox&subSourceType=gm_crm_gwsrtcut)\n*   [![Image 33: 이달의신상](https://image.coupangcdn.com/image/coupang/home/icons/web/kr/new-item-of-month.png)이달의신상](https://pages.coupang.com/p/136938)\n*   [![Image 34: 판매자특가](https://image.coupangcdn.com/image/coupang/home/icons/web/kr/omp.png)판매자특가](https://www.coupang.com/np/omp)\n*   [![Image 35: 와우회원할인](https://image.coupangcdn.com/image/coupang/home/icons/web/kr/wow.png)와우회원할인](https://www.coupang.com/np/campaigns/83)\n*   [![Image 36: 이벤트/쿠폰](https://image.coupangcdn.com/image/coupang/home/icons/web/kr/benefit.png)이벤트/쿠폰](https://www.coupang.com/np/coupangbenefit)\n*   [![Image 37: 반품마켓](https://image.coupangcdn.com/image/coupang/home/icons/web/kr/returned-market.png)반품마켓](https://pages.coupang.com/p/54908)\n*   [![Image 38: 착한상점](https://image.coupangcdn.com/image/coupang/home/icons/web/kr/sustainable-market.png)착한상점](https://pages.coupang.com/p/63240)\n*   [![Image 39: 기획전](https://image.coupangcdn.com/image/coupang/home/icons/web/kr/event.png)기획전](https://pages.coupang.com/p/bep?sourceType=gm_crm_oms&subSourceType=gm_crm_gwsrtcut)\n*   [![Image 40: 쿠팡트래블](https://image.coupangcdn.com/image/coupang/home/icons/web/kr/travel.png)쿠팡트래블](https://trip.coupang.com/?channel=gnb)\n*   [![Image 41: 입점신청](https://image.coupangcdn.com/image/coupang/home/icons/web/kr/sell-on-coupang.png)입점신청](https://wing.coupang.com/tenants/vendor-signup/signup?utm_source=button_pc_coupang_shortcut_1&utm_medium=non_paid&utm_id=onsite_ca&utm_content=202411)\n\n[](https://www.coupang.com/np/categories/196407)\n\n*   [쿠팡 홈](https://www.coupang.com/)\n*   [식품](https://www.coupang.com/np/categories/194276)\n*   [식품 선물세트](https://www.coupang.com/np/categories/196393)\n*   [정육](https://www.coupang.com/np/categories/196407)\n\n#### 필터\n\n*   ![Image 42: rocket_luxury,rocket,coupang_global](https://image.coupangcdn.com/image/badges/falcon/v1/web/rocket-all@2x.png) \n\n    *   ![Image 43: rocket_luxury](https://image.coupangcdn.com/image/coupang/rds/logo/iphone_2x/rds_logo_rlux_light_101719300269126@2x.png)만 보기 \n    *   ![Image 44: rocket](https://image.coupangcdn.com/image/badges/falcon/v1/web/txt_rocket@2x.png)만 보기 \n    *   ![Image 45: coupang_global](https://image.coupangcdn.com/image/badges/falcon/v1/web/txt_jikgu@2x.png)만 보기 \n\n*   ![Image 46: top_brand](https://image.coupangcdn.com/image/badges/top_brand/c-avenue.svg) \n*   무료배송 \n\n##### 카테고리\n\n*   [식품 선물세트](https://www.coupang.com/np/categories/196393) \n\n    *   [정육](https://www.coupang.com/np/categories/196407) \n\n        *   [한우갈비세트](https://www.coupang.com/np/categories/196409) \n        *   [한우등심/불고기세트](https://www.coupang.com/np/categories/196410) \n        *   [한우사골/꼬리세트](https://www.coupang.com/np/categories/196411) \n        *   [한우혼합세트](https://www.coupang.com/np/categories/196412) \n        *   [수입소고기세트](https://www.coupang.com/np/categories/196413) \n        *   [돼지고기선물세트](https://www.coupang.com/np/categories/196414) \n        *   [닭고기/오리고기선물세트](https://www.coupang.com/np/categories/196415) \n        *   [기타축산선물세트](https://www.coupang.com/np/categories/196416) \n\n    *   [과일](https://www.coupang.com/np/categories/196395) \n    *   [나물/버섯](https://www.coupang.com/np/categories/196401) \n    *   [견과](https://www.coupang.com/np/categories/196406) \n    *   [수산/건어물](https://www.coupang.com/np/categories/196417) \n    *   [커피/차/음료](https://www.coupang.com/np/categories/196423) \n    *   [과자/간식](https://www.coupang.com/np/categories/196428) \n    *   [즉석/가공식품](https://www.coupang.com/np/categories/196436) \n    *   [건강](https://www.coupang.com/np/categories/196444) \n\n*   [수입식품관](https://www.coupang.com/np/campaigns/1884) \n*   [건강식품](https://www.coupang.com/np/categories/196076) \n*   [생수/음료](https://www.coupang.com/np/categories/195006) \n*   [커피/원두/차](https://www.coupang.com/np/categories/195142) \n*   [과자/초콜릿/시리얼](https://www.coupang.com/np/categories/195266) \n*   [견과/건과](https://www.coupang.com/np/categories/194373) \n*   [반찬/간편식/대용식](https://www.coupang.com/np/categories/432480) \n*   [면/통조림/가공식품](https://www.coupang.com/np/categories/195443) \n*   [가루/조미료/오일](https://www.coupang.com/np/categories/195576) \n*   [장/소스/드레싱/식초](https://www.coupang.com/np/categories/195694) \n*   [냉장/냉동/간편요리](https://www.coupang.com/np/categories/225461) \n*   [과일](https://www.coupang.com/np/categories/194282) \n*   [축산/계란](https://www.coupang.com/np/categories/194688) \n*   [채소](https://www.coupang.com/np/categories/194432) \n*   [수산물/건어물](https://www.coupang.com/np/categories/194829) \n*   [쌀/잡곡](https://www.coupang.com/np/categories/194627) \n*   [유제품/아이스크림](https://www.coupang.com/np/categories/195783) \n*   [분유/어린이식품](https://www.coupang.com/np/categories/196236) \n*   [창고형매장](https://www.coupang.com/np/campaigns/8234) \n*   [사과식초/땅콩버터 외](https://www.coupang.com/np/categories/492629) \n*   [유기농/친환경](https://www.coupang.com/np/campaigns/10076) \n\n##### 브랜드\n\n*   농협안심한우 \n*   동원 \n*   이동갈비 \n*   쇠고기집 \n*   전통참한우 \n*   프레시지 \n*   만블링 \n*   따봉프레시 \n*   키친스토리 \n*   신풍한우마을 \n*   제철밥상 \n*   경복궁 \n*   목우촌 \n*   바다원 \n*   미트아울렛 \n*   엑셀비프 \n*   6다이닝 \n*   미쓰하누 \n*   하르방마켓 \n*   갈비아저씨 \n\n+ 더보기\n\n##### 낱개상품 여부\n\n*   낱개상품 \n\n##### 총 중량\n\n*   300g 이하 \n*   300~500g \n*   500~700g \n*   700g~1kg \n*   1~3kg \n*   3kg 이상 \n\n##### 보관방식\n\n*   냉장보관 \n*   냉동보관 \n*   실온보관 \n\n##### 별점\n\n*   별점 전체 \n*   4점 이상 \n*   3점 이상 \n*   2점 이상 \n*   1점 이상 \n\n##### 가격\n\n*   가격 전체 \n*   5만원 이하 \n*   5만원~10만원 \n*   10만원~15만원 \n*   15만원~20만원 \n*   20만원 이상 \n\n~원 검색 \n\n정육\n==\n\n필터\n\n*   쿠팡 랭킹순 설명 _쿠팡 랭킹순은 판매 실적, 사용자 선호도,\n\n상품 정보 충실도 및 검색 정확도 등을\n\n종합적으로 고려한 순위입니다._ \n*   낮은가격순 \n*   높은가격순 \n*   판매량순 \n*   최신순 \n\n*   60 개씩 보기 \n*   120 개씩 보기 \n\n*   [![Image 47: 투뿔 1++ 특수부위 한우선물세트 구이용 1kg, 1개](https://thumbnail.coupangcdn.com/thumbnails/remote/230x230ex/image/vendor_inventory/0678/63b3b97ed017ec28f8599923f0789ca0511df1e0c6653c6363209ad3942b.jpg)무료배송 투뿔 1++ 특수부위 한우선물세트 구이용 1kg, 1개 쿠폰할인 49%~~179,000원~~**89,900원** (1세트당 89,900원) 12/2(화) 도착 예정 4 (309) ![Image 48: 최대 1,495원 적립](https://image.coupangcdn.com/image/badges/cashback/web/list-cash-icon@2x.png)최대 4,495원 적립](https://www.coupang.com/vp/products/9030867126?itemId=26489389779&vendorItemId=93471007313&sourceType=CATEGORY&categoryId=196307)\n*   [![Image 49: [투뿔 구이용] 마장동 명품 한우선물세트 1++ 소고기모듬세트, 1박스, 1호일반. 투뿔 한우구이](https://thumbnail.coupangcdn.com/thumbnails/remote/230x230ex/image/vendor_inventory/5af8/d9c8c81d26f0198dfc7fbe94ed687c5b0e0344dc48cd142c986311729d47.png)무료배송 [투뿔 구이용] 마장동 명품 한우선물세트 1++ 소고기모듬세트, 1박스, 1호일반. 투뿔 한우구이 28%~~90,000원~~**64,800원** (1세트당 64,800원) 12/2(화) 도착 예정 4 (203) ![Image 50: 최대 1,495원 적립](https://image.coupangcdn.com/image/badges/cashback/web/list-cash-icon@2x.png)최대 3,240원 적립](https://www.coupang.com/vp/products/8528921537?itemId=24694491251&vendorItemId=88440695307&sourceType=CATEGORY&categoryId=196307)\n*   [![Image 51: 구이용 투뿔 한우세트 국내산 명품 소고기 선물용, 1) 1++ 한우선물세트 1호, 1세트](https://thumbnail.coupangcdn.com/thumbnails/remote/230x230ex/image/vendor_inventory/06e2/20e6b38443c86a73e6bbaec726d8f339d9c5ec32344258e3bdf017b100fa.png)무료배송 구이용 투뿔 한우세트 국내산 명품 소고기 선물용, 1) 1++ 한우선물세트 1호, 1세트 쿠폰할인 45%~~200,000원~~**109,800원** (1세트당 109,800원) 12/2(화) 도착 예정 4.5 (179) ![Image 52: 최대 1,495원 적립](https://image.coupangcdn.com/image/badges/cashback/web/list-cash-icon@2x.png)최대 5,266원 적립](https://www.coupang.com/vp/products/8248633019?itemId=20049404677&vendorItemId=87246793870&sourceType=CATEGORY&categoryId=196307)\n*   [![Image 53: [최상급] 한우선물세트 1++ 구이용 추석 선물 세트, 1세트](https://thumbnail.coupangcdn.com/thumbnails/remote/230x230ex/image/vendor_inventory/9ab1/5cdadaebfb518406e04156567edc4fe4d994f14f4cd03e26ee719693d2b7.png)무료배송 [최상급] 한우선물세트 1++ 구이용 추석 선물 세트, 1세트 쿠폰할인 37%~~206,400원~~**129,000원** (1세트당 129,000원) 12/4(목) 도착 예정 5 (67) ![Image 54: 최대 1,495원 적립](https://image.coupangcdn.com/image/badges/cashback/web/list-cash-icon@2x.png)최대 6,450원 적립](https://www.coupang.com/vp/products/9035232879?itemId=26506065415&vendorItemId=93539514420&sourceType=CATEGORY&categoryId=196307)\n*   [![Image 55: 저온 숙성 한돈 선물세트 1.6kg (냉장), 1세트](https://thumbnail.coupangcdn.com/thumbnails/remote/230x230ex/image/rs_quotation_api/n7bv9s8q/2315a22e4c6b430982c129c5bf41e84d.jpg) 저온 숙성 한돈 선물세트 1.6kg (냉장), 1세트 23%~~65,000원~~**49,900원** ![Image 56: 로켓배송](https://image.coupangcdn.com/image/badges/falcon/v1/web/rocket-fresh@2x.png) (1세트당 49,900원) 내일(일) 새벽 도착 보장 5 (155) ![Image 57: 최대 1,495원 적립](https://image.coupangcdn.com/image/badges/cashback/web/list-cash-icon@2x.png)최대 2,495원 적립](https://www.coupang.com/vp/products/8304692384?itemId=23958352455&vendorItemId=90979856811&sourceType=CATEGORY&categoryId=196307)\n*   [![Image 58: 갓성비 소고기 모듬세트 1.2kg 황제갈비살+등심+부채살+토시살+우삼겹+허브솔트 스테이크 소스 소분 진공포장, 1세트](https://thumbnail.coupangcdn.com/thumbnails/remote/230x230ex/image/vendor_inventory/e85d/c15d648b4601d697947a75376fb2afd6c9baed40ce2060a2dbd646352506.jpg)무료배송 갓성비 소고기 1.2kg 모듬세트 살치살+갈비살+부채살+등심+우삼겹 소분 진공포장, 1세트 할인 59%~~98,000원~~**39,800원** (1세트당 39,800원) 12/2(화) 도착 예정 4 (331) ![Image 59: 최대 1,495원 적립](https://image.coupangcdn.com/image/badges/cashback/web/list-cash-icon@2x.png)최대 1,990원 적립](https://www.coupang.com/vp/products/8448648969?itemId=24441267536&vendorItemId=91469366713&sourceType=CATEGORY&categoryId=196307)\n*   [![Image 60: [1등급 투뿔 특가] 한우 선물 세트 모듬 구이 셋트 1++ 소고기 구이용, 2세트](https://thumbnail.coupangcdn.com/thumbnails/remote/230x230ex/image/vendor_inventory/f945/69d2f6b38cfc7468a085ccb2402d794d9dd14faaeb2548a8b1a40f5e94f1.png)무료배송 [1등급 투뿔 특가] 한우 선물 세트 모듬 구이 셋트 1++ 소고기 구이용, 1세트 56%~~148,800원~~**64,700원** (1세트당 64,700원) 12/3(수) 도착 예정 5 (21) ![Image 61: 최대 1,495원 적립](https://image.coupangcdn.com/image/badges/cashback/web/list-cash-icon@2x.png)최대 3,235원 적립](https://www.coupang.com/vp/products/9128861622?itemId=26858964485&vendorItemId=93828671646&sourceType=CATEGORY&categoryId=196307)\n*   [![Image 62: 한우선물세트 1++ 소고기 구이용 650g 진예2호 (꽃등심+부채살+채끝+갈비살), 1세트](https://thumbnail.coupangcdn.com/thumbnails/remote/230x230ex/image/vendor_inventory/bad5/a5e99f0c9dc4ad0ba87e1df8c074cd5044118dffee87501e10b681d9e2be.jpg)무료배송 한우선물세트 1++ 소고기 구이용 650g 진예2호 (꽃등심+부채살+채끝+갈비살), 1세트 쿠폰할인 60%~~279,000원~~**109,000원** (1세트당 109,000원) 12/2(화) 도착 예정 5 (328) ![Image 63: 최대 1,495원 적립](https://image.coupangcdn.com/image/badges/cashback/web/list-cash-icon@2x.png)최대 5,450원 적립](https://www.coupang.com/vp/products/8950887591?itemId=26182665970&vendorItemId=92460497290&sourceType=CATEGORY&categoryId=196307)\n*   [![Image 64: 소고기 모둠 갈비살 200g + 살치살 200g + 부채살 200g + 우삼겹 200g 소분포장 세트 (냉동), 1세트](https://thumbnail.coupangcdn.com/thumbnails/remote/230x230ex/image/rs_quotation_api/gdemw7xl/bc39f6d67d8a4954b9e78365d9c9a525.jpg) 소고기 모둠 갈비살 200g + 살치살 200g + 부채살 200g + 우삼겹 200g 소분포장 세트 (냉동), 1세트 **32,900원** ![Image 65: 로켓배송](https://image.coupangcdn.com/image/badges/falcon/v1/web/rocket-fresh@2x.png) (1세트당 32,900원) 오늘(토) 도착 보장 4 (26) ![Image 66: 최대 1,495원 적립](https://image.coupangcdn.com/image/badges/cashback/web/list-cash-icon@2x.png)최대 1,645원 적립](https://www.coupang.com/vp/products/8583245331?itemId=24880880894&vendorItemId=91887661773&sourceType=CATEGORY&categoryId=196307)\n*   [![Image 67: 1++ 한우 특수부위 구이 모듬세트 총600g 소고기한판 투뿔한우 구이용 눈꽃 마블링, 1개, 600g](https://thumbnail.coupangcdn.com/thumbnails/remote/230x230ex/image/vendor_inventory/e83b/0a8c23ce4afb16c1dc6a60387c92d3f8fda6232119c4badf103400b8813e.jpg)무료배송 1++ 한우 특수부위 구이 모듬세트 총600g 소고기한판 투뿔한우 구이용 눈꽃 마블링, 1개, 600g 50%~~59,900원~~**29,900원** (1세트당 29,900원) 12/4(목) 도착 예정 4 (54) ![Image 68: 최대 1,495원 적립](https://image.coupangcdn.com/image/badges/cashback/web/list-cash-icon@2x.png)최대 1,495원 적립](https://www.coupang.com/vp/products/7637451692?itemId=20283892004&vendorItemId=91036516173&sourceType=CATEGORY&categoryId=196307)\n*   [![Image 69: 소삿슈 한우 투뿔 ++1등급 모듬 세트 600g 등심 특수모듬 치마살 업진살 갈비살 부채살, 1세트](https://thumbnail.coupangcdn.com/thumbnails/remote/230x230ex/image/vendor_inventory/60c2/54d3da45b2dfa390d2aeb9af5ad591b7c9caa3d6f909cfebbb780f4647ea.png)무료배송 소삿슈 한우 투뿔 ++1등급 모듬 세트 600g 등심 특수모듬 치마살 업진살 갈비살 부채살, 1세트 **59,800원** (1세트당 59,800원) 12/3(수) 도착 예정 5 (7) ![Image 70: 최대 1,495원 적립](https://image.coupangcdn.com/image/badges/cashback/web/list-cash-icon@2x.png)최대 2,990원 적립](https://www.coupang.com/vp/products/8988875025?itemId=26327909716&vendorItemId=93254453445&sourceType=CATEGORY&categoryId=196307)\n*   [![Image 71: 이동갈비 한입LA양념갈비 + 돈왕구이 선물세트 2kg (냉동), 1박스](https://thumbnail.coupangcdn.com/thumbnails/remote/230x230ex/image/retail/images/2023/08/18/10/6/1781cb87-146b-4c5f-a8d1-a4a9033b32fd.jpg) 이동갈비 한입LA양념갈비 + 돈왕구이 선물세트 2kg (냉동), 1박스 38%~~89,900원~~**54,900원** ![Image 72: 로켓배송](https://image.coupangcdn.com/image/badges/falcon/v1/web/rocket-fresh@2x.png) (1세트당 54,900원) 오늘(토) 도착 보장 4.5 (140) ![Image 73: 최대 1,495원 적립](https://image.coupangcdn.com/image/badges/cashback/web/list-cash-icon@2x.png)최대 2,745원 적립](https://www.coupang.com/vp/products/7539113370?itemId=19813979810&vendorItemId=86916065194&sourceType=CATEGORY&categoryId=196307)\n*   [![Image 74: 양가득 소고기 모듬세트 1.2kg 황제갈비살+부채살+등심+토시살+우삼겹+증정품, 1세트](https://thumbnail.coupangcdn.com/thumbnails/remote/230x230ex/image/vendor_inventory/1879/3f22fd19d7d03a3647688a7d5d1ec5f67e5c209eee08cf2a4fa3699e5da5.jpg)무료배송 양가득 소고기 모듬세트 1.2kg 황제갈비살+부채살+등심+토시살+우삼겹+증정품, 1세트 쿠폰할인 47%~~74,300원~~**38,900원** (1세트당 38,900원) 12/2(화) 도착 예정 4.5 (32) ![Image 75: 최대 1,495원 적립](https://image.coupangcdn.com/image/badges/cashback/web/list-cash-icon@2x.png)최대 1,945원 적립](https://www.coupang.com/vp/products/8840329355?itemId=25764407513&vendorItemId=92752553400&sourceType=CATEGORY&categoryId=196307)\n*   [![Image 76: [쇠고기집] 국내산 1등급 명품 소고기 선물세트, 1) 프리미엄 세트 1호, 1개](https://thumbnail.coupangcdn.com/thumbnails/remote/230x230ex/image/vendor_inventory/08dc/6f260be9a3e0ee6d1a9fcbe8c5c32c5c0e0b0e1f3116e4eb9a25b570592a.jpg)무료배송 [쇠고기집] 국내산 1등급 명품 소고기 선물세트, 1) 프리미엄 세트 1호, 1개 쿠폰할인 44%~~179,000원~~**99,800원** (1세트당 99,800원) 12/2(화) 도착 예정 4.5 (2715) ![Image 77: 최대 1,495원 적립](https://image.coupangcdn.com/image/badges/cashback/web/list-cash-icon@2x.png)최대 4,990원 적립](https://www.coupang.com/vp/products/7151264148?itemId=17979359451&vendorItemId=85285175753&sourceType=CATEGORY&categoryId=196307)\n*   [![Image 78: [1등급 투뿔 특가] 한우 선물 세트 모듬 구이 셋트 1++ 소고기 구이용, 2세트](https://thumbnail.coupangcdn.com/thumbnails/remote/230x230ex/image/vendor_inventory/f945/69d2f6b38cfc7468a085ccb2402d794d9dd14faaeb2548a8b1a40f5e94f1.png)무료배송 [1등급 투뿔 특가] 한우 선물 세트 모듬 구이 셋트 1++ 소고기 구이용, 2세트 56%~~252,300원~~**109,700원** (1세트당 54,850원) 12/2(화) 도착 예정 5 (21) ![Image 79: 최대 1,495원 적립](https://image.coupangcdn.com/image/badges/cashback/web/list-cash-icon@2x.png)최대 5,485원 적립](https://www.coupang.com/vp/products/9128861622?itemId=26858964496&vendorItemId=93828671647&sourceType=CATEGORY&categoryId=196307)\n*   [![Image 80: 마장동 한우이츠, 한우 꼬리반골 2kg, 1개](https://thumbnail.coupangcdn.com/thumbnails/remote/230x230ex/image/vendor_inventory/cf56/49d11171dc878329aec689af5f74c30790188a52c9b47b2c43bc303c8de2.jpg) 마장동 한우이츠, 한우 꼬리반골 2kg, 1개 쿠폰할인 40%~~15,000원~~**8,880원** (1세트당 8,880원) 12/2(화) 도착 예정 4 (105) ![Image 81: 최대 1,495원 적립](https://image.coupangcdn.com/image/badges/cashback/web/list-cash-icon@2x.png)최대 444원 적립](https://www.coupang.com/vp/products/8180037666?itemId=21839564240&vendorItemId=88887947228&sourceType=CATEGORY&categoryId=196307)\n*   [![Image 82: 전통참한우 1+등급 구이선물세트 등심 250g + 채끝 250g + 부채살 200g + 업진살 200g (냉장), 1세트](https://thumbnail.coupangcdn.com/thumbnails/remote/230x230ex/image/retail/images/1736496231175441-377d5cc9-f58c-49d6-9cfa-f6b2b75b5b6e.jpg) 전통참한우 1+등급 구이선물세트 등심 250g + 채끝 250g + 부채살 200g + 업진살 200g (냉장), 1세트 35%~~199,000원~~**129,000원** ![Image 83: 로켓배송](https://image.coupangcdn.com/image/badges/falcon/v1/web/rocket-fresh@2x.png) (1세트당 129,000원) 내일(일) 새벽 도착 보장 5 (1620) ![Image 84: 최대 1,495원 적립](https://image.coupangcdn.com/image/badges/cashback/web/list-cash-icon@2x.png)최대 6,400원 적립](https://www.coupang.com/vp/products/6936882535?itemId=16807353773&vendorItemId=83987731545&sourceType=CATEGORY&categoryId=196307)\n*   [![Image 85: [한우이츠] 한우 1++등급 특수부위, 1++ 한우 특수부위 300g, 1개](https://thumbnail.coupangcdn.com/thumbnails/remote/230x230ex/image/vendor_inventory/97e4/8f557f6bd4b3dffa0a2cdc775acd68e3df3cddbda8d35a9777238fa7521d.jpg) [한우이츠] 한우 1++등급 특수부위, 1++ 한우 특수부위 300g, 1개 쿠폰할인 38%~~33,100원~~**20,280원** (100g당 6,760원) 12/2(화) 도착 예정 4 (48) ![Image 86: 최대 1,495원 적립](https://image.coupangcdn.com/image/badges/cashback/web/list-cash-icon@2x.png)최대 1,014원 적립](https://www.coupang.com/vp/products/8402243101?itemId=22011982247&vendorItemId=93934660875&sourceType=CATEGORY&categoryId=196307)\n*   [![Image 87: 마장동 한우이츠 1++등급 한우선물세트, 1개, 프리미엄 1호(일반 감사장), 1kg](https://thumbnail.coupangcdn.com/thumbnails/remote/230x230ex/image/vendor_inventory/2736/74ea2d254d0bc7d64e35b8a811b8837792a1514f9e18132c0dbf09f34f80.jpg)무료배송 마장동 한우이츠 1++등급 한우선물세트, 1개, 프리미엄 1호(일반 감사장), 1kg 쿠폰할인 28%~~167,700원~~**119,770원** (1세트당 119,770원) 12/2(화) 도착 예정 4.5 (129) ![Image 88: 최대 1,495원 적립](https://image.coupangcdn.com/image/badges/cashback/web/list-cash-icon@2x.png)최대 5,989원 적립](https://www.coupang.com/vp/products/9039124147?itemId=26519443578&vendorItemId=90980163819&sourceType=CATEGORY&categoryId=196307)\n*   [![Image 89: [국제식품] 명품한우모듬뼈 통사태 500g(곰탕용), 1개](https://thumbnail.coupangcdn.com/thumbnails/remote/230x230ex/image/vendor_inventory/235c/8936e0c43d1c54bfc527b0174b04f95d79d7673483fce618fbe5369bf29b.jpg) [국제식품] 명품한우모듬뼈 통사태 500g(곰탕용), 1개 할인 33%~~14,200원~~**9,500원** (100g당 1,900원) 12/3(수) 도착 예정 4.5 (20) ![Image 90: 최대 1,495원 적립](https://image.coupangcdn.com/image/badges/cashback/web/list-cash-icon@2x.png)최대 475원 적립](https://www.coupang.com/vp/products/1115104458?itemId=2079833908&vendorItemId=84333409567&sourceType=CATEGORY&categoryId=196307)\n*   [![Image 91: 6다이닝 이베리코 생활속의 항정살 200g + 목살 200g 선물세트 2호 (냉동), 1세트](https://thumbnail.coupangcdn.com/thumbnails/remote/230x230ex/image/rs_quotation_api/uvgaw2vj/97bce5e6bacb4b0bad94ef5b00eae584.JPG) 6다이닝 이베리코 생활속의 항정살 200g + 목살 200g 선물세트 2호 (냉동), 1세트 23%~~29,900원~~**22,900원** ![Image 92: 로켓배송](https://image.coupangcdn.com/image/badges/falcon/v1/web/rocket-fresh@2x.png) (1세트당 22,900원) 오늘(토) 도착 보장 5 (8) ![Image 93: 최대 1,495원 적립](https://image.coupangcdn.com/image/badges/cashback/web/list-cash-icon@2x.png)최대 1,145원 적립](https://www.coupang.com/vp/products/8295719491?itemId=23927095616&vendorItemId=90949263766&sourceType=CATEGORY&categoryId=196307)\n*   [![Image 94: 저온 숙성 한돈 선물세트 1.6kg (냉장), 2세트](https://thumbnail.coupangcdn.com/thumbnails/remote/230x230ex/image/retail/images/8886eb5a-e3cf-4a02-8682-573607b9ae8b11293598702186343112.png) 저온 숙성 한돈 선물세트 1.6kg (냉장), 2세트 23%~~130,000원~~**99,800원** ![Image 95: 로켓배송](https://image.coupangcdn.com/image/badges/falcon/v1/web/rocket-fresh@2x.png) (1세트당 49,900원) 내일(일) 새벽 도착 보장 5 (155) ![Image 96: 최대 1,495원 적립](https://image.coupangcdn.com/image/badges/cashback/web/list-cash-icon@2x.png)최대 4,990원 적립](https://www.coupang.com/vp/products/8304692384?itemId=26621331691&vendorItemId=93594282753&sourceType=CATEGORY&categoryId=196307)\n*   [![Image 97: 경복궁 칼집 LA갈비 선물세트 (냉동), 600g, 2개](https://thumbnail.coupangcdn.com/thumbnails/remote/230x230ex/image/retail/images/2281189481285909-d6d68bc5-6d3f-4d3d-9b81-9cfa446944b7.jpg) 경복궁 칼집 LA갈비 선물세트 (냉동), 600g, 2개 **76,500원** ![Image 98: 로켓배송](https://image.coupangcdn.com/image/badges/falcon/v1/web/rocket-fresh@2x.png) (1세트당 38,250원)**1,000원** 와우 가입 쿠폰 오늘(토) 도착 보장 4.5 (550) ![Image 99: 최대 1,495원 적립](https://image.coupangcdn.com/image/badges/cashback/web/list-cash-icon@2x.png)최대 3,775원 적립](https://www.coupang.com/vp/products/5993592710?itemId=10829116438&vendorItemId=78109180275&sourceType=CATEGORY&categoryId=196307)\n*   [![Image 100: 동원 상상육포 비프앤치즈, 30g, 4개](https://thumbnail.coupangcdn.com/thumbnails/remote/230x230ex/image/retail/images/786131956537790-df49b360-9034-4b94-80a4-46ba7c405534.jpg) 동원 상상육포 비프앤치즈, 30g, 4개 34%~~13,920원~~**9,060원** ![Image 101: 로켓배송](https://image.coupangcdn.com/image/rds/delivery_badge_ext/badge_1998ab96bf7.png) (10g당 755원) 내일(일) 도착 보장 5 (333) ![Image 102: 최대 1,495원 적립](https://image.coupangcdn.com/image/badges/cashback/web/list-cash-icon@2x.png)최대 453원 적립](https://www.coupang.com/vp/products/7163521970?itemId=19356727939&vendorItemId=86469817347&sourceType=CATEGORY&categoryId=196307)\n*   [![Image 103: 호주산 눈꽃 프리미엄 소고기 와규, 1개, 와규 꽃살 200g](https://thumbnail.coupangcdn.com/thumbnails/remote/230x230ex/image/vendor_inventory/248d/376f807bc8e0c9bbbb201aec466c146e363c604ca15e3adcce51d2820b6c.jpg)무료배송 호주산 눈꽃 프리미엄 소고기 와규, 1개, 와규 꽃살 200g **19,900원** (1세트당 19,900원) 12/2(화) 도착 예정 4 (9) ![Image 104: 최대 1,495원 적립](https://image.coupangcdn.com/image/badges/cashback/web/list-cash-icon@2x.png)최대 995원 적립](https://www.coupang.com/vp/products/9061222044?itemId=23797803274&vendorItemId=90821772160&sourceType=CATEGORY&categoryId=196307)\n*   [![Image 105: 동원 상상육포 비프앤치즈, 30g, 2개](https://thumbnail.coupangcdn.com/thumbnails/remote/230x230ex/image/retail/images/8898023242202-0c19162d-856c-4fe2-a4af-a619aff4d1e7.jpg) 동원 상상육포 비프앤치즈, 30g, 2개 쿠폰할인 28%~~6,960원~~**4,990원** ![Image 106: 로켓배송](https://image.coupangcdn.com/image/rds/delivery_badge_ext/badge_1998ab96bf7.png) (10g당 832원) 내일(일) 도착 보장 5 (333) ![Image 107: 최대 1,495원 적립](https://image.coupangcdn.com/image/badges/cashback/web/list-cash-icon@2x.png)최대 250원 적립](https://www.coupang.com/vp/products/7163521970?itemId=19356727949&vendorItemId=86469817359&sourceType=CATEGORY&categoryId=196307)\n*   [![Image 108: 미트아울렛 소고기 정육 프라임 구이용 선물세트 1.2kg(살치살300g*1팩+등심300g*2팩+부채살300g*1팩), 1세트](https://thumbnail.coupangcdn.com/thumbnails/remote/230x230ex/image/vendor_inventory/4610/7d389fb7dc9aad1c93d377c82788669f54c363e8e6dff32c2846b3dde9df.jpg)무료배송 미트아울렛 소고기 정육 프라임 구이용 선물세트 1.2kg(살치살300g*1팩+등심300g*2팩+부채살300g*1팩), 1세트 12%~~77,200원~~**67,600원** (1세트당 67,600원) 12/2(화) 도착 예정 4.5 (588) ![Image 109: 최대 1,495원 적립](https://image.coupangcdn.com/image/badges/cashback/web/list-cash-icon@2x.png)최대 3,380원 적립](https://www.coupang.com/vp/products/7055011552?itemId=2629984266&vendorItemId=70620876474&sourceType=CATEGORY&categoryId=196307)\n*   [![Image 110: 한국농수축산 소고기 600g 모둠 갈비살 200g + 등심 200g + 부채살 200g, 1세트](https://thumbnail.coupangcdn.com/thumbnails/remote/230x230ex/image/vendor_inventory/04c9/d6756e3fb8cd89916dcd0bc1cd576d9ed1c0efbae946f5edc6a742432778.png)무료배송 한국농수축산 소고기 600g 모둠 갈비살 200g + 등심 200g + 부채살 200g, 1세트 쿠폰할인 46%~~49,800원~~**26,400원** (1세트당 26,400원) 12/2(화) 도착 예정 4 (11) ![Image 111: 최대 1,495원 적립](https://image.coupangcdn.com/image/badges/cashback/web/list-cash-icon@2x.png)최대 1,320원 적립](https://www.coupang.com/vp/products/8878584417?itemId=25911023471&vendorItemId=92896718269&sourceType=CATEGORY&categoryId=196307)\n*   [![Image 112: 6다이닝 이베리코 생활속의 목살 180g + 갈비살 180g + 항정살 180g 선물세트 4호 (냉동), 1세트](https://thumbnail.coupangcdn.com/thumbnails/remote/230x230ex/image/rs_quotation_api/vlrec27m/713d8a483b254544975e2782551a8431.JPG) 6다이닝 이베리코 생활속의 목살 180g + 갈비살 180g + 항정살 180g 선물세트 4호 (냉동), 1세트 25%~~39,900원~~**29,900원** ![Image 113: 로켓배송](https://image.coupangcdn.com/image/badges/falcon/v1/web/rocket-fresh@2x.png) (1세트당 29,900원) 오늘(토) 도착 보장 5 (19) ![Image 114: 최대 1,495원 적립](https://image.coupangcdn.com/image/badges/cashback/web/list-cash-icon@2x.png)최대 1,495원 적립](https://www.coupang.com/vp/products/8295719529?itemId=23927095745&vendorItemId=90949263953&sourceType=CATEGORY&categoryId=196307)\n*   [![Image 115: 사조안심 닭가슴살 훈제 100g, 20개](https://thumbnail.coupangcdn.com/thumbnails/remote/230x230ex/image/vendor_inventory/0447/e8814497f6e16cdff4eccd15a70f5d0a17be2c4316064385cf800b0a76b9.png) 대림 사조안심 닭가슴살 훈제 100g 10개 **10,860원** (1세트당 1,086원) 12/3(수) 도착 예정 5 (723) ![Image 116: 최대 1,495원 적립](https://image.coupangcdn.com/image/badges/cashback/web/list-cash-icon@2x.png)최대 543원 적립](https://www.coupang.com/vp/products/5926827045?itemId=17054367212&vendorItemId=88922086828&sourceType=CATEGORY&categoryId=196307)\n*   [![Image 117: 소 한마리 소고기 세트 모듬 1.2kg 선물세트, 1세트](https://thumbnail.coupangcdn.com/thumbnails/remote/230x230ex/image/vendor_inventory/image_audit/stage/manual/85d5da4592b4321b0f6904ac80bc40404ef8a3a9d2ff01c06e5e65d20a36_1756865401831.jpg)무료배송 소 한마리 소고기 세트 모듬 1.2kg 선물세트, 1세트 할인 28%~~53,900원~~**38,700원** (1세트당 38,700원) 12/3(수) 도착 예정 4 (672) ![Image 118: 최대 1,495원 적립](https://image.coupangcdn.com/image/badges/cashback/web/list-cash-icon@2x.png)최대 1,935원 적립](https://www.coupang.com/vp/products/7868111749?itemId=21486737319&vendorItemId=88540822531&sourceType=CATEGORY&categoryId=196307)\n*   [![Image 119: 움찬육가 알꼬리 소꼬리 한우 찜 꼬리찜 냉동 곰탕용 손질 스지 보양식 몸보신 1kg 내외, 컷팅(1kg 내외)](https://thumbnail.coupangcdn.com/thumbnails/remote/230x230ex/image/vendor_inventory/9757/0cb25760ddb45ad1e4f1d61dd75b28156054564968e518874e5484747992.jpg) 움찬육가 알꼬리 소꼬리 한우 찜 꼬리찜 냉동 곰탕용 손질 스지 보양식 몸보신 1kg 내외, 컷팅(1kg 내외) **28,900원** 12/2(화) 도착 예정 5 (5) ![Image 120: 최대 1,495원 적립](https://image.coupangcdn.com/image/badges/cashback/web/list-cash-icon@2x.png)최대 1,445원 적립](https://www.coupang.com/vp/products/9138238367?itemId=26897910538&vendorItemId=93867370294&sourceType=CATEGORY&categoryId=196307)\n*   [![Image 121: [프레시지] 최현석셰프의 풍미가득한 돈가스 모짜렐라 치즈돈까스 120g, 3개](https://thumbnail.coupangcdn.com/thumbnails/remote/230x230ex/image/vendor_inventory/c637/ab94ba776efb7d794fde3c682210e3bcb1406cd623e7240b92d24ff4ab61.jpg) [프레시지] 최현석셰프의 풍미가득한 돈가스 모짜렐라 치즈돈까스 120g, 3개 46%~~24,000원~~**12,900원** (1세트당 4,300원) 12/3(수) 도착 예정 4.5 (43) ![Image 122: 최대 1,495원 적립](https://image.coupangcdn.com/image/badges/cashback/web/list-cash-icon@2x.png)최대 645원 적립](https://www.coupang.com/vp/products/8487841534?itemId=25481875127&vendorItemId=92474198518&sourceType=CATEGORY&categoryId=196307)\n*   [![Image 123: 무궁화 소고기 1kg 한가득 세트 (갈비살+살치살+부채살), 1개](https://thumbnail.coupangcdn.com/thumbnails/remote/230x230ex/image/vendor_inventory/3175/d7364ef4a4b394cf0ee611c115cbb41382bd9d9af91451b6ea675dd98334.jpg)무료배송 무궁화 소고기 1kg 한가득 세트 (갈비살+살치살+부채살), 1개 17%~~39,900원~~**32,900원** (1세트당 32,900원) 12/4(목) 도착 예정 5 (7) ![Image 124: 최대 1,495원 적립](https://image.coupangcdn.com/image/badges/cashback/web/list-cash-icon@2x.png)최대 1,645원 적립](https://www.coupang.com/vp/products/8582666809?itemId=24878642331&vendorItemId=91885460375&sourceType=CATEGORY&categoryId=196307)\n*   [![Image 125: 동원 상상육포 비프앤치즈, 30g, 3개](https://thumbnail.coupangcdn.com/thumbnails/remote/230x230ex/image/retail/images/56803810613829-fddba113-6f96-40b0-ab8f-f2098ad2d2d8.jpg) 동원 상상육포 비프앤치즈, 30g, 3개 31%~~10,440원~~**7,170원** ![Image 126: 로켓배송](https://image.coupangcdn.com/image/rds/delivery_badge_ext/badge_1998ab96bf7.png) (10g당 797원) 내일(일) 도착 보장 5 (333) ![Image 127: 최대 1,495원 적립](https://image.coupangcdn.com/image/badges/cashback/web/list-cash-icon@2x.png)최대 359원 적립](https://www.coupang.com/vp/products/7163521970?itemId=19356727953&vendorItemId=86469817371&sourceType=CATEGORY&categoryId=196307)\n*   [![Image 128: [프리미엄포장] 한우선물세트 1++ 구이용 800g, 1박스](https://thumbnail.coupangcdn.com/thumbnails/remote/230x230ex/image/vendor_inventory/151c/79c9dffa30c168d5275c09b71969190303396a3bf85fdbdbf93eeae140aa.jpg)무료배송 [프리미엄포장] 한우선물세트 1++ 구이용 800g, 1박스 할인 60%~~250,000원~~**99,700원** (1세트당 99,700원) 12/4(목) 도착 예정 5 (74) ![Image 129: 최대 1,495원 적립](https://image.coupangcdn.com/image/badges/cashback/web/list-cash-icon@2x.png)최대 4,383원 적립](https://www.coupang.com/vp/products/9034947773?itemId=26504911301&vendorItemId=93479572668&sourceType=CATEGORY&categoryId=196307)\n*   [![Image 130: 갓성비 소고기 모듬세트 1.2kg 황제갈비살+등심+부채살+토시살+우삼겹+허브솔트 스테이크 소스 소분 진공포장, 1세트](https://thumbnail.coupangcdn.com/thumbnails/remote/230x230ex/image/vendor_inventory/e85d/c15d648b4601d697947a75376fb2afd6c9baed40ce2060a2dbd646352506.jpg)무료배송 갓성비 소고기 모듬세트 1.2kg 황제갈비살+등심+부채살+토시살+우삼겹+허브솔트 스테이크 소스 소분 진공포장, 1세트 할인 59%~~98,000원~~**39,800원** (1세트당 39,800원) 12/2(화) 도착 예정 4 (65) ![Image 131: 최대 1,495원 적립](https://image.coupangcdn.com/image/badges/cashback/web/list-cash-icon@2x.png)최대 1,990원 적립](https://www.coupang.com/vp/products/8522935981?itemId=24675211565&vendorItemId=91684945734&sourceType=CATEGORY&categoryId=196307)\n*   [![Image 132: 1++ 투뿔 한우 배부른 구이 모둠 한판 세트 600g + 소스3종 증정, 1세트](https://thumbnail.coupangcdn.com/thumbnails/remote/230x230ex/image/vendor_inventory/d373/29e80bf18865f24f6f9aea5a834eb7b3ffc13c938122ba5abc4230f102a7.jpg)무료배송 1++ 투뿔 한우 배부른 구이 모둠 한판 세트 600g + 소스3종 증정, 1세트 할인 17%~~46,000원~~**37,800원** (1세트당 37,800원) 12/3(수) 도착 예정 4.5 (98) ![Image 133: 최대 1,495원 적립](https://image.coupangcdn.com/image/badges/cashback/web/list-cash-icon@2x.png)최대 1,890원 적립](https://www.coupang.com/vp/products/9096552993?itemId=26738528206&vendorItemId=92268700245&sourceType=CATEGORY&categoryId=196307)\n*   [![Image 134: [새롬한우] 한우 뭉티기 세트 차돌사시미 육회 생고기삼총사470g 육사시미 생차돌, 1개](https://thumbnail.coupangcdn.com/thumbnails/remote/230x230ex/image/vendor_inventory/ecf9/fc95e6538d5cb320ecb2644ff9b92620e372037e4c4e81ef46011e085129.jpg)무료배송 [새롬한우] 한우 뭉티기 세트 차돌사시미 육회 생고기삼총사470g 육사시미 생차돌, 1개 19%~~70,960원~~**56,770원** (1세트당 56,770원) 12/5(금) 도착 예정 ![Image 135: 최대 1,495원 적립](https://image.coupangcdn.com/image/badges/cashback/web/list-cash-icon@2x.png)최대 2,839원 적립](https://www.coupang.com/vp/products/8948722794?itemId=26174791466&vendorItemId=93677824764&sourceType=CATEGORY&categoryId=196307)\n*   [![Image 136: 한우선물세트 소고기 갈비살 꽃등심 양지 채끝살 불고기 (주)성진한우, 실속모둠세트 450g(고급형선물포장), 1개](https://thumbnail.coupangcdn.com/thumbnails/remote/230x230ex/image/vendor_inventory/6da1/ece1709c28c51c565af5cde93a0819b5f0950a55a16e3ca44f16d5baa646.jpg)무료배송 한우선물세트 소고기 갈비살 꽃등심 양지 채끝살 불고기 (주)성진한우, 실속모둠세트 450g(고급형선물포장), 1개 54%~~132,900원~~**59,900원** (1세트당 59,900원) 12/3(수) 도착 예정 5 (623) ![Image 137: 최대 1,495원 적립](https://image.coupangcdn.com/image/badges/cashback/web/list-cash-icon@2x.png)최대 2,995원 적립](https://www.coupang.com/vp/products/8244257202?itemId=20132815091&vendorItemId=85575966782&sourceType=CATEGORY&categoryId=196307)\n*   [![Image 138: 수입산 소고기 모듬세트 1kg 등심 채끝 살치살 토시살 우삼겹 갈비, 1. 소고기 실속 등심세트 1kg, 1개](https://thumbnail.coupangcdn.com/thumbnails/remote/230x230ex/image/vendor_inventory/2e7f/455bfe6c90e19dc7a9fbea3ffa413caa541b3a5cb3646ba35673bc25e39c.jpg)무료배송 수입산 소고기 모듬세트 1kg 등심 채끝 살치살 토시살 우삼겹 갈비, 1. 소고기 실속 등심세트 1kg, 1개 10%~~39,100원~~**35,070원** (1세트당 35,070원) 12/2(화) 도착 예정 4.5 (126) ![Image 139: 최대 1,495원 적립](https://image.coupangcdn.com/image/badges/cashback/web/list-cash-icon@2x.png)최대 1,754원 적립](https://www.coupang.com/vp/products/8449374181?itemId=24444132352&vendorItemId=91458076773&sourceType=CATEGORY&categoryId=196307)\n*   [![Image 140: 갓성비 소고기 800g 모듬 갈비살 200g + 등심 200g + 부채살 200g + 우삼겹 200g 소분포장, 1세트](https://thumbnail.coupangcdn.com/thumbnails/remote/230x230ex/image/vendor_inventory/e7e5/db54eff34cfd0d016341b1ea82744a4dbfd4b2ed123ca063639aeaad9f59.jpg)무료배송 갓성비 소고기 800g 모듬 갈비살 200g + 등심 200g + 부채살 200g + 우삼겹 200g 소분포장, 1세트 쿠폰할인 64%~~84,000원~~**29,800원** (1세트당 29,800원) 12/2(화) 도착 예정 4 (1135) ![Image 141: 최대 1,495원 적립](https://image.coupangcdn.com/image/badges/cashback/web/list-cash-icon@2x.png)최대 1,490원 적립](https://www.coupang.com/vp/products/7810766281?itemId=21184636144&vendorItemId=88246015911&sourceType=CATEGORY&categoryId=196307)\n*   [![Image 142: 파머스팩 제주흑돼지 양념 칼집 왕구이 (냉동), 1kg, 1개](https://thumbnail.coupangcdn.com/thumbnails/remote/230x230ex/image/rs_quotation_api/logxzrvp/e27a958be20b415ca36f356aa30c891a.jpg) 파머스팩 제주흑돼지 양념 칼집 왕구이 (냉동), 1kg, 1개 **12,990원** ![Image 143: 로켓배송](https://image.coupangcdn.com/image/badges/falcon/v1/web/rocket-fresh@2x.png) (1세트당 12,990원) 오늘(토) 도착 보장 4 (4) ![Image 144: 최대 1,495원 적립](https://image.coupangcdn.com/image/badges/cashback/web/list-cash-icon@2x.png)최대 650원 적립](https://www.coupang.com/vp/products/8778074553?itemId=25538752110&vendorItemId=92530353024&sourceType=CATEGORY&categoryId=196307)\n*   [![Image 145: 투뿔 한우 구이용 갈비살 세트 1++(8)등급 살치살 갈비살 부모님선물 집들이선물 당신애한우, 1개](https://thumbnail.coupangcdn.com/thumbnails/remote/230x230ex/image/vendor_inventory/7edc/37180353dbfe50b0343a5ab4093952d1f17869827df075a6a4fb4631735b.jpg)무료배송 투뿔 한우 구이용 갈비살 세트 1++(8)등급 살치살 갈비살 부모님선물 집들이선물 당신애한우, 1개 18%~~53,900원~~**43,900원** (1세트당 43,900원) 12/2(화) 도착 예정 5 (49) ![Image 146: 최대 1,495원 적립](https://image.coupangcdn.com/image/badges/cashback/web/list-cash-icon@2x.png)최대 2,195원 적립](https://www.coupang.com/vp/products/8906609818?itemId=26013250038&vendorItemId=92995112159&sourceType=CATEGORY&categoryId=196307)\n*   [![Image 147: [홈쇼핑] 강병원 한우 투뿔 스테이크, 3개](https://thumbnail.coupangcdn.com/thumbnails/remote/230x230ex/image/vendor_inventory/71de/d31502d076461d37b69978c7c019e00252a7bba4bf5c252f60f88f2d2f56.JPG)무료배송 [홈쇼핑] 강병원 한우 투뿔 스테이크, 3개 16%~~39,900원~~**33,460원** (1세트당 11,153원) 12/5(금) 도착 예정 4 (150) ![Image 148: 최대 1,495원 적립](https://image.coupangcdn.com/image/badges/cashback/web/list-cash-icon@2x.png)최대 1,673원 적립](https://www.coupang.com/vp/products/8314860580?itemId=25362620665&vendorItemId=92356880537&sourceType=CATEGORY&categoryId=196307)\n*   [![Image 149: 움찬육가 한우 암소 잡뼈 몸보신 곰국 곰탕용 2kg, 1개](https://thumbnail.coupangcdn.com/thumbnails/remote/230x230ex/image/vendor_inventory/9c63/f076ee0268110e6fd8ff6408c7326eb9adfa553570912707c49f8832d2c2.jpg)무료배송 움찬육가 한우 암소 잡뼈 몸보신 곰국 곰탕용 2kg, 1개 할인 11%~~8,600원~~**7,600원** (1세트당 7,600원) 12/2(화) 도착 예정 5 (2) ![Image 150: 최대 1,495원 적립](https://image.coupangcdn.com/image/badges/cashback/web/list-cash-icon@2x.png)최대 380원 적립](https://www.coupang.com/vp/products/9194470129?itemId=27137609869&vendorItemId=94105537132&sourceType=CATEGORY&categoryId=196307)\n*   [![Image 151: 농협안심한우 1++등급 등심200g 2p + 불고기300g 2p + 국거리300g (냉장), 1세트](https://thumbnail.coupangcdn.com/thumbnails/remote/230x230ex/image/rs_quotation_api/54pfyp07/3824b7e02b0d4f45b4ea090b724a353e.JPG) 농협안심한우 1++등급 등심200g 2p + 불고기300g 2p + 국거리300g (냉장), 1세트 12%~~159,000원~~**139,000원** ![Image 152: 로켓배송](https://image.coupangcdn.com/image/badges/falcon/v1/web/rocket-fresh@2x.png) (1세트당 139,000원) 내일(일) 새벽 도착 보장 5 (50) ![Image 153: 최대 1,495원 적립](https://image.coupangcdn.com/image/badges/cashback/web/list-cash-icon@2x.png)최대 6,900원 적립](https://www.coupang.com/vp/products/8297813887?itemId=23934531622&vendorItemId=90956506076&sourceType=CATEGORY&categoryId=196307)\n*   [![Image 154: 6다이닝 이베리코 생활속의 갈비살 200g + 항정살 200g 선물세트 3호 (냉동), 1세트](https://thumbnail.coupangcdn.com/thumbnails/remote/230x230ex/image/rs_quotation_api/axexly0r/216165af9bbf478da045bf106c62be68.JPG) 6다이닝 이베리코 생활속의 갈비살 200g + 항정살 200g 선물세트 3호 (냉동), 1세트 23%~~29,900원~~**22,900원** ![Image 155: 로켓배송](https://image.coupangcdn.com/image/badges/falcon/v1/web/rocket-fresh@2x.png) (1세트당 22,900원) 오늘(토) 도착 보장 4.5 (11) ![Image 156: 최대 1,495원 적립](https://image.coupangcdn.com/image/badges/cashback/web/list-cash-icon@2x.png)최대 1,145원 적립](https://www.coupang.com/vp/products/8295719528?itemId=23927095744&vendorItemId=90949263955&sourceType=CATEGORY&categoryId=196307)\n*   [![Image 157: 올가홀푸드 신선하고 고소한 저온로스팅 한봉견과 선물세트, 1세트](https://thumbnail.coupangcdn.com/thumbnails/remote/230x230ex/image/vendor_inventory/image_audit/prod/e3b4144f-4090-48cf-9b58-6a3d58706972_fixing_v2.png) 올가홀푸드 신선하고 고소한 저온로스팅 한봉견과 선물세트, 1세트 **37,000원** ![Image 158: 로켓배송](https://image.coupangcdn.com/image/rds/delivery_badge_ext/badge_1998ab96bf7.png) (1세트당 37,000원) 내일(일) 도착 보장 5 (31) ![Image 159: 최대 1,495원 적립](https://image.coupangcdn.com/image/badges/cashback/web/list-cash-icon@2x.png)최대 1,850원 적립](https://www.coupang.com/vp/products/7551387998?itemId=5813229927&vendorItemId=73111662059&sourceType=CATEGORY&categoryId=196307)\n*   [![Image 160: 마장동고기팩트 수입산 소불고기 차돌박이 우삼겹 부채살 냉동 골라담기, 1.우삼겹300g, 1개](https://thumbnail.coupangcdn.com/thumbnails/remote/230x230ex/image/vendor_inventory/45ce/07a716b793c720143509ec8b398181f6caefd83aa4ab42aa65f55c2fb1da.jpg) 마장동고기팩트 수입산 소불고기 차돌박이 우삼겹 부채살 냉동 골라담기, 1.우삼겹300g, 1개 30%~~9,900원~~**6,900원** (1세트당 6,900원) 12/3(수) 도착 예정 4 (25) ![Image 161: 최대 1,495원 적립](https://image.coupangcdn.com/image/badges/cashback/web/list-cash-icon@2x.png)최대 345원 적립](https://www.coupang.com/vp/products/1977719750?itemId=11437817055&vendorItemId=71350941230&sourceType=CATEGORY&categoryId=196307)\n*   [![Image 162: [가지소]안창살 구이용 200g 5팩 총 1kg, 5개](https://thumbnail.coupangcdn.com/thumbnails/remote/230x230ex/image/vendor_inventory/90c3/44e2f25c92d11796d1d0ec35ba27ef2542b0290fe44a948f07b57ef43e83.jpg)무료배송 [가지소]안창살 구이용 200g 5팩 총 1kg, 5개 21%~~32,900원~~**25,900원** (100g당 2,590원) 12/3(수) 도착 예정 3 (334) ![Image 163: 최대 1,495원 적립](https://image.coupangcdn.com/image/badges/cashback/web/list-cash-icon@2x.png)최대 1,295원 적립](https://www.coupang.com/vp/products/6621979716?itemId=15072742643&vendorItemId=91773772134&sourceType=CATEGORY&categoryId=196307)\n*   [![Image 164: 농협안심한우 스지 300g 1개 + 도가니 300g 1개, 농협안심한우 스지 300g, 1개 + 도가니 300g,](https://thumbnail.coupangcdn.com/thumbnails/remote/230x230ex/image/vendor_inventory/84b1/6a197e7d69f5252a998693201ffa47705ad1fab4e77ca0ff48dbbffc188f.jpg)무료배송 농협안심한우 스지 300g 1개 + 도가니 300g 1개, 농협안심한우 스지 300g, 1개 + 도가니 300g, **25,200원** 12/4(목) 도착 예정 ![Image 165: 최대 1,495원 적립](https://image.coupangcdn.com/image/badges/cashback/web/list-cash-icon@2x.png)최대 1,260원 적립](https://www.coupang.com/vp/products/8998280088?itemId=26366868885&vendorItemId=93343589816&sourceType=CATEGORY&categoryId=196307)\n*   [![Image 166: [명절인기특가]김하진 궁중 표고버섯 찜갈비 500 x 6팩(총 3kg), 6개](https://thumbnail.coupangcdn.com/thumbnails/remote/230x230ex/image/vendor_inventory/d6f9/18a956225a77853f2d592f43721fe50052443bccc678bcedf067ca49360c.jpg)무료배송 [명절인기특가]김하진 궁중 표고버섯 찜갈비 500 x 6팩(총 3kg), 6개 16%~~59,900원~~**49,900원** (1세트당 8,317원) 12/4(목) 도착 예정 3 (55) ![Image 167: 최대 1,495원 적립](https://image.coupangcdn.com/image/badges/cashback/web/list-cash-icon@2x.png)최대 2,495원 적립](https://www.coupang.com/vp/products/8334199928?itemId=21181779999&vendorItemId=91010569197&sourceType=CATEGORY&categoryId=196307)\n*   [![Image 168: 바다원 한입만 어포튀각, 2개](https://thumbnail.coupangcdn.com/thumbnails/remote/230x230ex/image/vendor_inventory/a85c/2d3b568051a0922e57ce168e1a4d42113aeedaa721ff0a38cd319e9e4af6.png)무료배송 바다원 한입만 어포튀각, 2개 **13,640원** (1세트당 6,820원) 12/3(수) 도착 예정 5 (31) ![Image 169: 최대 1,495원 적립](https://image.coupangcdn.com/image/badges/cashback/web/list-cash-icon@2x.png)최대 682원 적립](https://www.coupang.com/vp/products/7657669861?itemId=20379429508&vendorItemId=87874740139&sourceType=CATEGORY&categoryId=196307)\n*   [![Image 170: 한우이츠 한우 꼬리반골 3kg, 1개](https://thumbnail.coupangcdn.com/thumbnails/remote/230x230ex/image/vendor_inventory/9cbb/cf53362cf992671bf020d4c943fa071b3413b177ce21948fecdf535de0b4.jpg) 한우이츠 한우 꼬리반골 3kg, 1개 쿠폰할인 74%~~38,000원~~**9,880원** (1세트당 9,880원) 12/2(화) 도착 예정 4 (2) ![Image 171: 최대 1,495원 적립](https://image.coupangcdn.com/image/badges/cashback/web/list-cash-icon@2x.png)최대 494원 적립](https://www.coupang.com/vp/products/9153330007?itemId=26955389750&vendorItemId=93924427304&sourceType=CATEGORY&categoryId=196307)\n*   [![Image 172: 한입만 어포튀각 50g x 5봉, 없음, 5개](https://thumbnail.coupangcdn.com/thumbnails/remote/230x230ex/image/vendor_inventory/545d/dbcff2b6fb96a9d1a6a8bbe7e07138a8a76deb8c7837f486a906caab65f4.jpg)무료배송 한입만 어포튀각 50g x 5봉, 없음, 5개 **14,900원** (1세트당 2,980원) 12/3(수) 도착 예정 5 (1) ![Image 173: 최대 1,495원 적립](https://image.coupangcdn.com/image/badges/cashback/web/list-cash-icon@2x.png)최대 745원 적립](https://www.coupang.com/vp/products/8244655788?itemId=20689372574&vendorItemId=87761013439&sourceType=CATEGORY&categoryId=196307)\n*   [![Image 174: 대림 사조안심 닭가슴살 훈제 100g x 16개](https://thumbnail.coupangcdn.com/thumbnails/remote/230x230ex/image/vendor_inventory/d38c/057d9235c715444002aacd967f15a9767ad3a5e010a3447e474a986120ad.jpg)무료배송 대림 사조안심 닭가슴살 훈제 100g x 16개 **25,400원** (1세트당 1,588원) 12/3(수) 도착 예정 5 (723) ![Image 175: 최대 1,495원 적립](https://image.coupangcdn.com/image/badges/cashback/web/list-cash-icon@2x.png)최대 1,270원 적립](https://www.coupang.com/vp/products/5926827045?itemId=21819926526&vendorItemId=91962089428&sourceType=CATEGORY&categoryId=196307)\n*   [![Image 176: 국내산 프리미엄 1+ 한우 선물세트 꽃등심/살치살/등심/안심/채끝/치마/부채 외 구이용 단체, 1세트, 1.최상 1+한판모듬](https://thumbnail.coupangcdn.com/thumbnails/remote/230x230ex/image/vendor_inventory/ceb0/09b26bf37e4f2a50ff5a026fdcee7aa75661ecff85572673a402cc468e4e.jpg)무료배송 국내산 프리미엄 1+ 한우 선물세트 꽃등심/살치살/등심/안심/채끝/치마/부채 외 구이용 단체, 1세트, 1.최상 1+한판모듬 28%~~125,000원~~**89,000원** (1세트당 89,000원) 12/2(화) 도착 예정 4.5 (594) ![Image 177: 최대 1,495원 적립](https://image.coupangcdn.com/image/badges/cashback/web/list-cash-icon@2x.png)최대 4,450원 적립](https://www.coupang.com/vp/products/9018812708?itemId=26441573818&vendorItemId=82743116236&sourceType=CATEGORY&categoryId=196307)\n*   [![Image 178: 사조안심 닭가슴살 훈제 100g, 20개](https://thumbnail.coupangcdn.com/thumbnails/remote/230x230ex/image/vendor_inventory/0447/e8814497f6e16cdff4eccd15a70f5d0a17be2c4316064385cf800b0a76b9.png) 사조안심 닭가슴살 훈제 100g, 20개 **23,890원** (1세트당 1,195원) 12/3(수) 도착 예정 5 (723) ![Image 179: 최대 1,495원 적립](https://image.coupangcdn.com/image/badges/cashback/web/list-cash-icon@2x.png)최대 1,195원 적립](https://www.coupang.com/vp/products/5926827045?itemId=10520019876&vendorItemId=88922047353&sourceType=CATEGORY&categoryId=196307)\n*   [![Image 180: 삼삼한 호주산 치마살200g*4팩+매콤소스, 4개](https://thumbnail.coupangcdn.com/thumbnails/remote/230x230ex/image/vendor_inventory/5d1d/42fb6debba0c3a61f69cbcd3a731b174496ee7ed797aaeb932ef46ea59df.jpg)무료배송 삼삼한 호주산 치마살200g*4팩+매콤소스, 4개 **29,900원** (100g당 3,738원) 12/3(수) 도착 예정 3 (12) ![Image 181: 최대 1,495원 적립](https://image.coupangcdn.com/image/badges/cashback/web/list-cash-icon@2x.png)최대 1,495원 적립](https://www.coupang.com/vp/products/7359506654?itemId=18712845462&vendorItemId=91140062983&sourceType=CATEGORY&categoryId=196307)\n\n이전[1](https://www.coupang.com/np/categories/196407?page=1)[2](https://www.coupang.com/np/categories/196407?page=2)[3](https://www.coupang.com/np/categories/196407?page=3)[4](https://www.coupang.com/np/categories/196407?page=4)[5](https://www.coupang.com/np/categories/196407?page=5)[다음](https://www.coupang.com/np/categories/196407?page=2 \"다음\")\n\n함께 본 카테고리\n---------\n\n[과일](https://www.coupang.com/np/categories/196395 \"과일\")\n\n[나물/버섯](https://www.coupang.com/np/categories/196401 \"나물/버섯\")\n\n[견과](https://www.coupang.com/np/categories/196406 \"견과\")\n\n[수산/건어물](https://www.coupang.com/np/categories/196417 \"수산/건어물\")\n\n[커피/차/음료](https://www.coupang.com/np/categories/196423 \"커피/차/음료\")\n\n[과자/간식](https://www.coupang.com/np/categories/196428 \"과자/간식\")\n\n[즉석/가공식품](https://www.coupang.com/np/categories/196436 \"즉석/가공식품\")\n\n[건강](https://www.coupang.com/np/categories/196444 \"건강\")\n\n[회사소개](https://news.coupang.com/)[Investor Relations](https://ir.aboutcoupang.com/overview/default.aspx)[인재채용](https://rocketyourcareer.kr.coupang.com/)[입점/제휴문의](https://marketplace.coupangcorp.com/s/?utm_source=button_pc&utm_medium=non_paid&utm_campaign=onsite_ca&utm_id=coupang_app?inflow=WEB_FOOTER_B)[공지사항](https://mc.coupang.com/ssr/desktop/contact/notice)[고객의 소리](https://mc.coupang.com/ssr/desktop/contact/voc)[이용약관](https://www.coupang.com/np/policies/terms)[**개인정보 처리방침**](https://privacy.coupang.com/ko/center/coupang)[정보보호/개인정보보호 인증](https://privacy.coupang.com/ko/security/status)[쿠팡페이 이용약관](https://rocketpay.coupang.com/rocketpay/operationTerms/coupangPcFooter)[신뢰관리센터](https://www.coupang.com/np/safety)[제휴마케팅](https://partners.coupang.com/)[광고안내](https://ads.coupang.com/)\n\nGlobal Site\n\n*   [Coupang Taiwan 酷澎台灣](https://www.tw.coupang.com/)\n\n[![Image 182](https://front.coupangcdn.com/front-web-next/_next/static/media/logo.f2c4ccb2.png)](https://www.coupang.com/ \"COUPANG\")\n\n상호명 및 호스팅 서비스 제공 : 쿠팡(주) \n\n 대표이사 : 박대준 \n\n 서울시 송파구 송파대로 570 \n\n 사업자 등록번호 : 120-88-00767 \n\n 통신판매업신고 : 2017-서울송파-0680 \n\n[사업자정보 확인 >](http://www.ftc.go.kr/info/bizinfo/communicationViewPopup.jsp?wrkr_no=1208800767)\n\n[**365고객센터** | 전자금융거래분쟁처리담당 _1577-7011 (유료)_ 서울시 송파구 송파대로 570 email : help@coupang.com](https://mc.coupang.com/ssr/desktop/contact/inquiry)\n\n**채무지급보증 안내**\n\n 당사는 고객님이 현금 결제한 금액에 대해 \n\n 채무지급보증 계약을 체결하여 \n\n 안전거래를 보장하고 있습니다. \n\n[서비스 가입사실 확인 >](https://www.coupang.com/np/etc/popWooriService)\n\n![Image 183](https://front.coupangcdn.com/front-web-next/_next/static/media/5.73affd35.png)\n\n![Image 184](https://front.coupangcdn.com/front-web-next/_next/static/media/6.901d77a5.png)\n\n사이버몰 내 판매되는 상품 중에는 쿠팡에 등록한 개별 판매자가 판매하는 마켓플레이스(오픈마켓) 상품이 포함되어 있습니다. \n\n 마켓플레이스(오픈마켓) 상품의 경우 쿠팡은 통신판매중개자이며 통신판매의 당사자가 아닙니다. \n\n 쿠팡은 마켓플레이스(오픈마켓) 상품, 거래정보 및 거래 등에 대하여 책임을 지지 않습니다. \n\n 쿠팡은 소비자 보호와 안전거래를 위해 신뢰관리센터(CM112@coupang.com)를 운영하고 있으며, 관련 분쟁이 발생할 경우 별도의 분쟁 처리절차에 의거 분쟁이 처리됩니다. \n\n Copyright © Coupang Corp. 2010-2025 All Rights Reserved.\n\n*   [![Image 185](https://front.coupangcdn.com/front-web-next/_next/static/media/f.34bde318.png)](https://www.facebook.com/Coupang.korea)\n*   [![Image 186](https://front.coupangcdn.com/front-web-next/_next/static/media/b.637cda1c.png)](https://news.coupang.com/)\n*   [![Image 187](https://front.coupangcdn.com/front-web-next/_next/static/media/s.a7aca4ea.png)](https://www.instagram.com/coupang)"
      },
      {
        "platform": "coupang",
        "title": "쿠팡이 추천하는 이달의 신상 관련 혜택과 특가",
        "url": "https://pages.coupang.com/p/136938",
        "snippet": "Image 96 해천 해선간장, 500ml, 1개 44%~~ 5,840원 ~~ 3,270원 (100ml당 654원) Image 97 내일(토) 도착 보장 (49) Image 98최대 139원 적립\n\nImage 99 해천 사조대림 미극선 간장, 750ml, 1개 40%~~ 7,880원 ~~ 4,680원 (100ml당 624원) Image 100 내일(토) 도착 보장 (40) Image 101최대 199원 적립\n\nImage 102 해천 사조대림 미극선 간장, 1.9L, 1개 28%~~ 13,880원 ~~ 9,990원 (100ml당 526원) Image 103 내일(토) 도착 보장 (40) Image 104최대 425원 적립\n\nImage 105 해천 진선 굴소스, 520g, 1개 21%~~ 5,480원 ~~ 4,300원 (100g당 827원) Image 106 내일(토) 도착 보장 (39) Image 107최대 183원 적립 [...] Image 108 해천 치킨스톡, 540g, 1개 25%~~ 13,450원 ~~ 9,980원 (100g당 1,848원) Image 109 내일(토) 도착 보장 (28) Image 110최대 424원 적립\n\nImage 111\n\n   침구/가구\n   인테리어용품\n   뷰티\n   키친\n   식품\n   패션의류\n   스포츠/레저용품\n   패션잡화\n   출산/유아\n   가전디지털\n   자동차용품\n   생활용품\n   문구/사무용품\n   완구/취미\n   반려/애완용품\n   로켓프레시\n   도서/음반\n   \n\n 대표이사 : 박대준\n\n 서울시 송파구 송파대로 570 \n\n 사업자 등록번호 : 120-88-00767 \n\n 통신판매업신고 : 2017-서울송파-0680\n\n사업자정보 확인 >\n\n365고객센터 | 전자금융거래분쟁처리담당 _1577-7011 (유료)_ 서울시 송파구 송파대로 570 email : help@coupang.com\n\n채무지급보증 안내\n\n 당사는 고객님이 현금 결제한 금액에 대해 [...] 조류용품\n           토끼/기니피그\n           햄스터 용품\n           고슴도치용품\n           페럿용품\n           거북이/달팽이용품\n           파충류용품\n           장수풍뎅이/곤충용품\n           가축사료/용품\n           소동물 도서\n\n       로켓펫닥터 \n\n반려동물용품Image 33: 반려동물용품\n\n   헬스/건강식품\n\n       건강기능식품 \n       비타민/미네랄\n\n           멀티비타민\n           비타민A\n           비타민B\n           비오틴\n           비타민C\n           비타민D\n           비타민E\n           비타민K\n           칼슘\n           마그네슘\n           아연\n           철분\n           요오드\n           더보기\n\n       건강식품",
        "score": 0.13078444,
        "timestamp": "2025-11-29T02:23:22.759329",
        "raw_content": "쿠팡이 추천하는 이달의 신상 관련 혜택과 특가\n\n===============\n\n스킵 네비게이션\n\n[#로그인 바로가기](https://pages.coupang.com/p/136938#login)[#메뉴 바로가기](https://pages.coupang.com/p/136938#header)[#카테고리 바로가기](https://pages.coupang.com/p/136938#gnbAnalytics)[#본문 바로가기](https://pages.coupang.com/p/136938#contents)\n\n* * *\n\n고객님의 브라우저에서는 쿠팡이 정상 동작하지 않습니다.\n\n 인터넷 익스플로러 업데이트, 크롬 또는 파이어폭스 브라우저를 설치하세요.\n\n*   [인터넷 익스플로러 _업데이트하기_](https://windows.microsoft.com/ko-kr/internet-explorer/download-ie)\n*   [크롬 _설치하기_](https://www.google.com/chrome/browser/desktop/index.html)\n*   [파이어폭스 _설치하기_](https://www.mozilla.org/ko/firefox/new/)\n\n[![Image 1: 쿠팡로고](https://image.coupangcdn.com/image/coupang/common/logo_coupang_w350.png)](https://www.coupang.com/ \"Coupang - 내가 잘사는 이유\")\n\n상품검색\n\n[](https://pages.coupang.com/p/136938#)[전체](https://pages.coupang.com/p/136938#)\n\n[](https://pages.coupang.com/p/136938#)[전체](https://pages.coupang.com/p/136938#)\n*   [전체](https://pages.coupang.com/p/136938#-1)\n*   [패션의류/잡화](https://pages.coupang.com/p/136938#564653)\n*   [뷰티](https://pages.coupang.com/p/136938#176522)\n*   [출산/유아동](https://pages.coupang.com/p/136938#221934)\n*   [식품](https://pages.coupang.com/p/136938#194276)\n*   [주방용품](https://pages.coupang.com/p/136938#185669)\n*   [생활용품](https://pages.coupang.com/p/136938#115673)\n*   [홈인테리어](https://pages.coupang.com/p/136938#184555)\n*   [가전디지털](https://pages.coupang.com/p/136938#178255)\n*   [스포츠/레저](https://pages.coupang.com/p/136938#317778)\n*   [자동차용품](https://pages.coupang.com/p/136938#184060)\n*   [도서/음반/DVD](https://pages.coupang.com/p/136938#317777)\n*   [완구/취미](https://pages.coupang.com/p/136938#317779)\n*   [문구/오피스](https://pages.coupang.com/p/136938#177295)\n*   [반려동물용품](https://pages.coupang.com/p/136938#115674)\n*   [헬스/건강식품](https://pages.coupang.com/p/136938#305798)\n*   [국내여행](https://pages.coupang.com/p/136938#396463)\n*   [해외여행](https://pages.coupang.com/p/136938#396464)\n*   [R.LUX](https://pages.coupang.com/p/136938#/np/campaigns/18530)\n*   [로켓설치](https://pages.coupang.com/p/136938#/np/campaigns/6733)\n*   [공간별 집꾸미기](https://pages.coupang.com/p/136938#/np/campaigns/2318)\n*   [헬스케어 전문관](https://pages.coupang.com/p/136938#/np/campaigns/13570)\n*   [쿠팡 Only](https://pages.coupang.com/p/136938#/np/campaigns/1440)\n*   [싱글라이프](https://pages.coupang.com/p/136938#433784)\n*   [악기전문관](https://pages.coupang.com/p/136938#/np/campaigns/11354)\n*   [결혼준비](https://pages.coupang.com/p/136938#416130)\n*   [아트/공예](https://pages.coupang.com/p/136938#410273)\n*   [미세먼지용품](https://pages.coupang.com/p/136938#/np/campaigns/17593)\n*   [홈카페](https://pages.coupang.com/p/136938#316168)\n*   [실버스토어](https://pages.coupang.com/p/136938#383370)\n*   [로켓펫닥터](https://pages.coupang.com/p/136938#/np/campaigns/17993)\n\n[마이크](https://pages.coupang.com/p/136938#)\n\n[검색](javascript:; \"검색\")\n\n전체삭제 최근검색어끄기\n\n*   [![Image 2](https://static.coupangcdn.com/image/coupang/common/pc_header_img_sprite_new_gnb.svg#person)마이쿠팡](https://mc.coupang.com/ssr/desktop/order/list)\n[주문목록](https://mc.coupang.com/ssr/desktop/order/list)[취소/반품](https://mc.coupang.com/ssr/desktop/cancel-return-exchange/list)[찜 리스트](https://wish-web.coupang.com/wishInitView.pang)[정기배송](https://subscribe-order.coupang.com/manage/subs.pang)\n\n*   [![Image 3](https://static.coupangcdn.com/image/coupang/common/pc_header_img_sprite_new_gnb.svg#cart)장바구니 _0_](https://cart.coupang.com/cartView.pang) \n\n*   [![Image 4](https://image.coupangcdn.com/image/coupang/home/icons/web/kr/coupang-play.png)쿠팡플레이](https://www.coupangplay.com/catalog)\n*   [![Image 5](https://image.coupangcdn.com/image/coupang/home/icons/web/kr/rocket-delivery.png)로켓배송](https://www.coupang.com/np/campaigns/82)\n*   [![Image 6](https://image.coupangcdn.com/image/coupang/home/icons/web/kr/rocket-fresh.png)로켓프레시](https://www.coupang.com/np/categories/393760)\n*   [![Image 7](https://image.coupangcdn.com/image/coupang/common/fbi_icon_3x.png)다시 구매](https://www.coupang.com/np/fbi?sourceType=home_section_fbi)\n*   [![Image 8](https://image.coupangcdn.com/image/coupang/home/icons/web/kr/biz.png)쿠팡비즈](https://login.coupang.com/corporation/member/landing-page)\n*   [![Image 9](https://image.coupangcdn.com/image/coupang/home/icons/web/kr/oversea-delivery.png)로켓직구](https://www.coupang.com/np/coupangglobal)\n*   [![Image 10](https://image.coupangcdn.com/image/coupang/home/icons/web/kr/gold-box.png)골드박스](https://pages.coupang.com/p/121237?sourceType=gm_crm_goldbox&subSourceType=gm_crm_gwsrtcut)\n*   [![Image 11](https://image.coupangcdn.com/image/coupang/home/icons/web/kr/new-item-of-month.png)이달의신상](https://pages.coupang.com/p/136938)\n*   [![Image 12](https://image.coupangcdn.com/image/coupang/home/icons/web/kr/omp.png)판매자특가](https://www.coupang.com/np/omp)\n*   [![Image 13](https://image.coupangcdn.com/image/coupang/home/icons/web/kr/wow.png)와우회원할인](https://www.coupang.com/np/campaigns/83)\n*   [![Image 14](https://image.coupangcdn.com/image/coupang/home/icons/web/kr/benefit.png)이벤트/쿠폰](https://www.coupang.com/np/coupangbenefit)\n*   [![Image 15](https://image.coupangcdn.com/image/coupang/home/icons/web/kr/returned-market.png)반품마켓](https://pages.coupang.com/p/54908)\n*   [![Image 16](https://image.coupangcdn.com/image/coupang/home/icons/web/kr/sustainable-market.png)착한상점](https://pages.coupang.com/p/63240)\n*   [![Image 17](https://image.coupangcdn.com/image/coupang/home/icons/web/kr/event.png)기획전](https://pages.coupang.com/p/bep?sourceType=gm_crm_oms&subSourceType=gm_crm_gwsrtcut)\n*   [![Image 18](https://image.coupangcdn.com/image/coupang/home/icons/web/kr/travel.png)쿠팡트래블](https://trip.coupang.com/?channel=gnb)\n*   [![Image 19](https://image.coupangcdn.com/image/coupang/home/icons/web/kr/sell-on-coupang.png)입점신청](https://wing.coupang.com/tenants/vendor-signup/signup?utm_source=button_pc_coupang_shortcut_1&utm_medium=non_paid&utm_id=onsite_ca&utm_content=202411)\n\n[카테고리](javascript:;)\n\n쇼핑\n\n*   [패션의류/잡화](https://www.coupang.com/np/categories/564653)\n\n    *   [여성패션](https://www.coupang.com/np/categories/186764)\n\n        *   [의류](https://www.coupang.com/np/categories/498704)\n        *   [신발](https://www.coupang.com/np/categories/498797)\n        *   [가방/잡화](https://www.coupang.com/np/categories/498828)\n\n    *   [남성패션](https://www.coupang.com/np/categories/187069)\n\n        *   [의류](https://www.coupang.com/np/categories/498917)\n        *   [신발](https://www.coupang.com/np/categories/498974)\n        *   [가방/잡화](https://www.coupang.com/np/categories/499007)\n\n    *   [남녀 공용 의류](https://www.coupang.com/np/categories/502993)\n\n        *   [티셔츠](https://www.coupang.com/np/categories/502994)\n        *   [맨투맨/후드티](https://www.coupang.com/np/categories/502995)\n        *   [셔츠](https://www.coupang.com/np/categories/502998)\n        *   [바지](https://www.coupang.com/np/categories/502999)\n        *   [트레이닝복](https://www.coupang.com/np/categories/503000)\n        *   [후드집업/집업류](https://www.coupang.com/np/categories/503001)\n        *   [니트류/조끼](https://www.coupang.com/np/categories/503002)\n        *   [아우터](https://www.coupang.com/np/categories/503006)\n        *   [테마의류](https://www.coupang.com/np/categories/503010)\n        *   [커플룩/패밀리룩](https://www.coupang.com/np/categories/503013)\n        *   [빅사이즈](https://www.coupang.com/np/categories/509288)\n        *   [스포츠의류](https://www.coupang.com/np/categories/565393)\n\n    *   [속옷/잠옷](https://www.coupang.com/np/categories/565063)\n\n        *   [여성 속옷](https://www.coupang.com/np/categories/565064)\n        *   [남성 속옷](https://www.coupang.com/np/categories/565081)\n        *   [기타 속옷 용품](https://www.coupang.com/np/categories/565091)\n        *   [잠옷/파자마](https://www.coupang.com/np/categories/565094)\n\n    *   [신발](https://www.coupang.com/np/campaigns/20497) \n    *   [가방/잡화](https://www.coupang.com/np/campaigns/20495) \n    *   [유아동패션](https://www.coupang.com/np/categories/213201)\n\n        *   [베이비](https://www.coupang.com/np/categories/499090)\n        *   [여아/주니어](https://www.coupang.com/np/categories/499116)\n        *   [남아/주니어](https://www.coupang.com/np/categories/499186)\n\n    *   [럭셔리패션](https://www.coupang.com/np/campaigns/22131) \n\n[패션의류/잡화](https://pages.coupang.com/p/134974?sourceType=gm_crm_oms&subSourceType=gm_crm_rblbnr \"패션의류/잡화\")![Image 20: 패션의류/잡화](https://pages.coupang.com/p/136938)\n\n*   [뷰티](https://www.coupang.com/np/categories/176522)\n\n    *   [신상관](https://www.coupang.com/np/campaigns/22455) \n    *   [럭셔리뷰티](https://www.coupang.com/np/campaigns/18530) \n    *   [스킨케어](https://www.coupang.com/np/categories/176530)\n\n        *   [스킨](https://www.coupang.com/np/categories/486248)\n        *   [로션](https://www.coupang.com/np/categories/486249)\n        *   [에센스/세럼/앰플](https://www.coupang.com/np/categories/486250)\n        *   [미스트](https://www.coupang.com/np/categories/486251)\n        *   [오일](https://www.coupang.com/np/categories/486252)\n        *   [크림/올인원](https://www.coupang.com/np/categories/486253)\n        *   [기초세트](https://www.coupang.com/np/categories/486254)\n        *   [마스크/팩](https://www.coupang.com/np/categories/176554)\n\n    *   [클렌징/필링](https://www.coupang.com/np/categories/486551)\n\n        *   [클렌징 폼](https://www.coupang.com/np/categories/486559)\n        *   [클렌징 젤/파우더](https://www.coupang.com/np/categories/486560)\n        *   [클렌징 비누](https://www.coupang.com/np/categories/486561)\n        *   [클렌징 오일](https://www.coupang.com/np/categories/486562)\n        *   [클렌징 워터](https://www.coupang.com/np/categories/486563)\n        *   [립/아이리무버](https://www.coupang.com/np/categories/486564)\n        *   [클렌징 티슈/시트](https://www.coupang.com/np/categories/486565)\n        *   [클렌징밤/크림/로션](https://www.coupang.com/np/categories/486566)\n        *   [클렌징세트](https://www.coupang.com/np/categories/486567)\n        *   [스크럽/필링](https://www.coupang.com/np/categories/486568)\n\n    *   [선케어/태닝](https://www.coupang.com/np/categories/176563)\n\n        *   [선케어](https://www.coupang.com/np/categories/176564)\n        *   [태닝](https://www.coupang.com/np/categories/176570)\n\n    *   [더마코스메틱](https://www.coupang.com/np/campaigns/7642) \n    *   [메이크업](https://www.coupang.com/np/categories/176573)\n\n        *   [베이스 메이크업](https://www.coupang.com/np/categories/176587)\n        *   [아이 메이크업](https://www.coupang.com/np/categories/176574)\n        *   [립 메이크업](https://www.coupang.com/np/categories/176581)\n        *   [치크메이크업](https://www.coupang.com/np/categories/176594)\n        *   [멀티메이크업](https://www.coupang.com/np/categories/405199)\n        *   [바디메이크업](https://www.coupang.com/np/categories/405203)\n\n    *   [향수](https://www.coupang.com/np/categories/176598)\n\n        *   [여성향수](https://www.coupang.com/np/categories/176599)\n        *   [남성향수](https://www.coupang.com/np/categories/176600)\n        *   [남녀공용향수](https://www.coupang.com/np/categories/509383)\n        *   [고체향수](https://www.coupang.com/np/categories/509384)\n        *   [드레스퍼퓸](https://www.coupang.com/np/categories/176601)\n\n    *   [남성화장품](https://www.coupang.com/np/categories/176839)\n\n        *   [남성스킨케어](https://www.coupang.com/np/categories/176840)\n        *   [남성메이크업](https://www.coupang.com/np/categories/176843)\n        *   [남성화장품세트](https://www.coupang.com/np/categories/176846)\n        *   [남성 헤어케어](https://www.coupang.com/np/categories/176847)\n        *   [남성 바디케어](https://www.coupang.com/np/categories/176850)\n        *   [남성 쉐이빙 케어](https://www.coupang.com/np/categories/176854)\n\n    *   [네일](https://www.coupang.com/np/categories/176763)\n\n        *   [네일팁/페디팁/스티커](https://www.coupang.com/np/categories/427310)\n        *   [일반네일](https://www.coupang.com/np/categories/176767)\n        *   [젤네일](https://www.coupang.com/np/categories/176772)\n        *   [케어/영양/리무버](https://www.coupang.com/np/categories/176764)\n        *   [네일케어도구](https://www.coupang.com/np/categories/176780)\n        *   [네일아트소품/도구](https://www.coupang.com/np/categories/176789)\n        *   [네일세트](https://www.coupang.com/np/categories/176806)\n\n    *   [뷰티소품](https://www.coupang.com/np/categories/176807)\n\n        *   [화장솜/면봉](https://www.coupang.com/np/categories/176808)\n        *   [아이소품](https://www.coupang.com/np/categories/176811)\n        *   [페이스소품](https://www.coupang.com/np/categories/176817)\n        *   [클렌징소품](https://www.coupang.com/np/categories/176822)\n        *   [헤어소품](https://www.coupang.com/np/categories/176826)\n        *   [피부관리기](https://www.coupang.com/np/categories/281731)\n        *   [용기/거울/기타소품](https://www.coupang.com/np/categories/176832)\n\n    *   [어린이화장품](https://www.coupang.com/np/categories/403012)\n\n        *   [메이크업](https://www.coupang.com/np/categories/403013)\n        *   [향수](https://www.coupang.com/np/categories/403014)\n        *   [네일케어](https://www.coupang.com/np/categories/403015)\n        *   [세트/키트](https://www.coupang.com/np/categories/403016)\n\n    *   [로드샵](https://www.coupang.com/np/campaigns/4999) \n    *   [클린/비건뷰티](https://www.coupang.com/np/categories/509393)\n\n        *   [스킨케어](https://www.coupang.com/np/categories/509394)\n        *   [메이크업](https://www.coupang.com/np/categories/509395)\n        *   [네일&툴](https://www.coupang.com/np/categories/509396)\n\n    *   [헤어](https://www.coupang.com/np/categories/176602)\n\n        *   [샴푸](https://www.coupang.com/np/categories/403017)\n        *   [린스/컨디셔너](https://www.coupang.com/np/categories/403024)\n        *   [트리트먼트/팩/앰플](https://www.coupang.com/np/categories/176631)\n        *   [헤어에센스/오일](https://www.coupang.com/np/categories/403030)\n        *   [헤어스타일링](https://www.coupang.com/np/categories/403031)\n        *   [헤어세트](https://www.coupang.com/np/categories/403032)\n        *   [염색/파마](https://www.coupang.com/np/categories/176653)\n\n    *   [바디](https://www.coupang.com/np/categories/176699)\n\n        *   [샤워/입욕용품](https://www.coupang.com/np/categories/176700)\n        *   [바디로션/크림](https://www.coupang.com/np/categories/176710)\n        *   [핸드/풋/데오](https://www.coupang.com/np/categories/176719)\n        *   [제모/슬리밍/청결제](https://www.coupang.com/np/categories/176744)\n\n    *   [더보기](https://www.coupang.com/np/categories/176522)\n\n[뷰티](https://pages.coupang.com/p/141539?sourceType=gm_crm_oms&subSourceType=gm_crm_rblbnr \"메뷰쇼\")![Image 21: 메뷰쇼](https://pages.coupang.com/p/136938)\n\n*   [출산/유아동](https://www.coupang.com/np/categories/221934)\n\n    *   [유아동패션](https://www.coupang.com/np/categories/508565)\n\n        *   [베이비](https://www.coupang.com/np/categories/508566)\n        *   [여아/주니어](https://www.coupang.com/np/categories/508592)\n        *   [남아/주니어](https://www.coupang.com/np/categories/508663)\n\n    *   [기저귀](https://www.coupang.com/np/categories/485952)\n\n        *   [일회용기저귀](https://www.coupang.com/np/categories/485953)\n        *   [수영장기저귀](https://www.coupang.com/np/categories/485957)\n        *   [천기저귀/액세서리](https://www.coupang.com/np/categories/485958)\n        *   [배변훈련팬티](https://www.coupang.com/np/categories/485962)\n        *   [기저귀케익](https://www.coupang.com/np/categories/485963)\n        *   [기저귀크림/파우더](https://www.coupang.com/np/categories/485964)\n        *   [기저귀정리함](https://www.coupang.com/np/categories/485968)\n        *   [기저귀매트](https://www.coupang.com/np/categories/485969)\n        *   [기저귀통/봉투](https://www.coupang.com/np/categories/485973)\n        *   [기저귀가방](https://www.coupang.com/np/categories/485976)\n\n    *   [물티슈](https://www.coupang.com/np/categories/485979)\n\n        *   [물티슈](https://www.coupang.com/np/categories/485980)\n        *   [건티슈](https://www.coupang.com/np/categories/485981)\n        *   [물티슈액세서리](https://www.coupang.com/np/categories/485982)\n\n    *   [분유/어린이식품](https://www.coupang.com/np/categories/221939)\n\n        *   [분유](https://www.coupang.com/np/categories/221995)\n        *   [이유식](https://www.coupang.com/np/categories/446135)\n        *   [미음/죽/분말](https://www.coupang.com/np/categories/222036)\n        *   [양념/식재료](https://www.coupang.com/np/categories/222043)\n        *   [국/반찬](https://www.coupang.com/np/categories/222050)\n        *   [간식/음료](https://www.coupang.com/np/categories/403082)\n        *   [대용식](https://www.coupang.com/np/categories/510531)\n\n    *   [어린이 건강식품](https://www.coupang.com/np/categories/509025)\n\n        *   [비타민/미네랄](https://www.coupang.com/np/categories/509028)\n        *   [홍삼](https://www.coupang.com/np/categories/509029)\n        *   [칼슘](https://www.coupang.com/np/categories/509030)\n        *   [유산균/초유](https://www.coupang.com/np/categories/509031)\n        *   [오메가](https://www.coupang.com/np/categories/509032)\n        *   [기타 건강식품](https://www.coupang.com/np/categories/509033)\n\n    *   [수유용품](https://www.coupang.com/np/categories/221943)\n\n        *   [젖병](https://www.coupang.com/np/categories/485989)\n        *   [젖꼭지](https://www.coupang.com/np/categories/485992)\n        *   [노리개젖꼭지](https://www.coupang.com/np/categories/371307)\n        *   [치발기](https://www.coupang.com/np/categories/371311)\n        *   [모유저장팩](https://www.coupang.com/np/categories/486184)\n        *   [분유케이스/저장팩](https://www.coupang.com/np/categories/486186)\n        *   [젖병세척용품](https://www.coupang.com/np/categories/371319)\n        *   [젖병소독기/건조대](https://www.coupang.com/np/categories/371324)\n        *   [분유보관용기](https://www.coupang.com/np/categories/371327)\n        *   [수유패드](https://www.coupang.com/np/categories/371328)\n        *   [유축기](https://www.coupang.com/np/categories/371329)\n        *   [모유촉진제](https://www.coupang.com/np/categories/371330)\n        *   [유두보호/젖몸살용품](https://www.coupang.com/np/categories/371331)\n        *   [더보기](https://www.coupang.com/np/categories/221943)\n\n    *   [이유용품/유아식기](https://www.coupang.com/np/categories/334841)\n\n        *   [이유식용품](https://www.coupang.com/np/categories/334842)\n        *   [턱받이](https://www.coupang.com/np/categories/334871)\n        *   [빨대컵/유아컵](https://www.coupang.com/np/categories/371346)\n        *   [유아식기/캐릭터식기](https://www.coupang.com/np/categories/446109)\n        *   [도시락/물병/보냉백](https://www.coupang.com/np/categories/446119)\n        *   [스푼/포크/젓가락](https://www.coupang.com/np/categories/334854)\n        *   [유아식탁/부스터](https://www.coupang.com/np/categories/334873)\n\n    *   [아기띠/외출용품](https://www.coupang.com/np/categories/381717)\n\n        *   [아기띠](https://www.coupang.com/np/categories/509152)\n        *   [올인원 아기띠](https://www.coupang.com/np/categories/509153)\n        *   [힙시트](https://www.coupang.com/np/categories/509154)\n        *   [트레킹캐리어](https://www.coupang.com/np/categories/509155)\n        *   [포대기/처네](https://www.coupang.com/np/categories/381723)\n        *   [슬링](https://www.coupang.com/np/categories/381724)\n        *   [아기띠액세서리](https://www.coupang.com/np/categories/381725)\n        *   [기저귀가방](https://www.coupang.com/np/categories/403105)\n        *   [기저귀/약파우치](https://www.coupang.com/np/categories/403106)\n        *   [보냉백/런치백](https://www.coupang.com/np/categories/403107)\n\n    *   [유모차/웨건](https://www.coupang.com/np/categories/381650)\n\n        *   [디럭스유모차](https://www.coupang.com/np/categories/381651)\n        *   [절충형유모차](https://www.coupang.com/np/categories/381652)\n        *   [휴대용유모차](https://www.coupang.com/np/categories/381653)\n        *   [쌍둥이유모차](https://www.coupang.com/np/categories/381654)\n        *   [웨건](https://www.coupang.com/np/categories/381655)\n        *   [유모차/웨건액세서리](https://www.coupang.com/np/categories/381656)\n\n    *   [카시트](https://www.coupang.com/np/categories/381697)\n\n        *   [신생아바구니카시트](https://www.coupang.com/np/categories/381698)\n        *   [영유아카시트](https://www.coupang.com/np/categories/381699)\n        *   [주니어카시트](https://www.coupang.com/np/categories/381700)\n        *   [부스터카시트](https://www.coupang.com/np/categories/381701)\n        *   [카시트액세서리](https://www.coupang.com/np/categories/381702)\n\n    *   [욕실용품/스킨케어](https://www.coupang.com/np/categories/221944)\n\n        *   [유아워시/샴푸](https://www.coupang.com/np/categories/222358)\n        *   [유아구강케어](https://www.coupang.com/np/categories/222371)\n        *   [유아스킨케어](https://www.coupang.com/np/categories/222352)\n        *   [기저귀크림/파우더](https://www.coupang.com/np/categories/222367)\n        *   [유아욕조/목욕의자](https://www.coupang.com/np/categories/403072)\n        *   [유아목욕용품](https://www.coupang.com/np/categories/222377)\n        *   [유아타올](https://www.coupang.com/np/categories/403075)\n        *   [유아변기](https://www.coupang.com/np/categories/403076)\n        *   [선케어/야외활동케어](https://www.coupang.com/np/categories/222395)\n        *   [어린이화장품](https://www.coupang.com/np/categories/222399)\n\n    *   [위생/건강/세제](https://www.coupang.com/np/categories/221945)\n\n        *   [위생용품](https://www.coupang.com/np/categories/222402)\n        *   [유아항균지퍼팩](https://www.coupang.com/np/categories/403108)\n        *   [배변훈련팬티](https://www.coupang.com/np/categories/403109)\n        *   [건강용품](https://www.coupang.com/np/categories/222417)\n        *   [유아구강용품](https://www.coupang.com/np/categories/403110)\n        *   [유아세제/세정제](https://www.coupang.com/np/categories/222408)\n        *   [야외활동용품](https://www.coupang.com/np/categories/403111)\n\n    *   [유아가구/인테리어](https://www.coupang.com/np/categories/221947)\n\n        *   [유아동침대](https://www.coupang.com/np/categories/222457)\n        *   [유아의자/소파](https://www.coupang.com/np/categories/222464)\n        *   [수납/정리함](https://www.coupang.com/np/categories/222471)\n        *   [공부상/책상](https://www.coupang.com/np/categories/222479)\n        *   [유아책장/책꽂이](https://www.coupang.com/np/categories/222482)\n        *   [수면등/수유등](https://www.coupang.com/np/categories/222485)\n        *   [유아키재기스티커](https://www.coupang.com/np/categories/311382)\n\n    *   [유아동침구](https://www.coupang.com/np/categories/221942)\n\n        *   [낮잠이불](https://www.coupang.com/np/categories/222195)\n        *   [겉싸개/속싸개](https://www.coupang.com/np/categories/222196)\n        *   [유아이불](https://www.coupang.com/np/categories/222200)\n        *   [베개/바디필로우](https://www.coupang.com/np/categories/222204)\n        *   [유아담요/블랭킷](https://www.coupang.com/np/categories/222211)\n        *   [유아 요/방수요](https://www.coupang.com/np/categories/222212)\n        *   [침구세트](https://www.coupang.com/np/categories/222216)\n\n    *   [매트/안전용품](https://www.coupang.com/np/categories/221946)\n\n        *   [놀이방매트](https://www.coupang.com/np/categories/509106)\n        *   [퍼즐매트](https://www.coupang.com/np/categories/509107)\n        *   [폴더매트](https://www.coupang.com/np/categories/509108)\n        *   [벽매트](https://www.coupang.com/np/categories/509109)\n        *   [DIY/시공매트](https://www.coupang.com/np/categories/509110)\n        *   [유아안전문](https://www.coupang.com/np/categories/222433)\n        *   [모서리/코너보호대](https://www.coupang.com/np/categories/222436)\n        *   [손낌방지용품](https://www.coupang.com/np/categories/222437)\n        *   [잠금장치/커버](https://www.coupang.com/np/categories/222440)\n        *   [미끄럼방지용품](https://www.coupang.com/np/categories/222443)\n        *   [침대가드](https://www.coupang.com/np/categories/222444)\n        *   [뒤집기방지쿠션](https://www.coupang.com/np/categories/222445)\n        *   [머리/무릎보호대](https://www.coupang.com/np/categories/222446)\n        *   [더보기](https://www.coupang.com/np/categories/221946)\n\n    *   [완구/교구](https://www.coupang.com/np/categories/349657)\n\n        *   [연령별완구](https://www.coupang.com/np/campaigns/821)\n        *   [캐릭터별완구](https://www.coupang.com/np/categories/349665)\n        *   [신생아/영아완구](https://www.coupang.com/np/categories/349686)\n        *   [블록놀이](https://www.coupang.com/np/categories/349793)\n        *   [역할놀이](https://www.coupang.com/np/categories/349825)\n        *   [로봇/작동완구](https://www.coupang.com/np/categories/349745)\n        *   [인형](https://www.coupang.com/np/categories/349808)\n        *   [물놀이/계절완구](https://www.coupang.com/np/categories/350139)\n        *   [승용완구](https://www.coupang.com/np/categories/350057)\n        *   [실내대형완구](https://www.coupang.com/np/categories/350044)\n        *   [스포츠/야외완구](https://www.coupang.com/np/categories/350077)\n        *   [STEAM/학습완구](https://www.coupang.com/np/categories/349876)\n        *   [보드게임](https://www.coupang.com/np/categories/349983)\n        *   [더보기](https://www.coupang.com/np/categories/349657)\n\n    *   [더보기](https://www.coupang.com/np/categories/221934)\n\n[출산/유아동](http://www.coupang.com/mlp/web/mlp-landing-page?landingId=2516&subSourceType=gm_crm_rblbnr \"출산/유아동\")![Image 22: 출산/유아동](https://pages.coupang.com/p/136938)\n\n*   [식품](https://www.coupang.com/np/categories/194276)\n\n    *   [수입식품관](https://www.coupang.com/np/campaigns/1884) \n    *   [식품 선물세트](https://www.coupang.com/np/categories/196393)\n\n        *   [과일](https://www.coupang.com/np/categories/196395)\n        *   [나물/버섯](https://www.coupang.com/np/categories/196401)\n        *   [견과](https://www.coupang.com/np/categories/196406)\n        *   [정육](https://www.coupang.com/np/categories/196407)\n        *   [수산/건어물](https://www.coupang.com/np/categories/196417)\n        *   [커피/차/음료](https://www.coupang.com/np/categories/196423)\n        *   [과자/간식](https://www.coupang.com/np/categories/196428)\n        *   [즉석/가공식품](https://www.coupang.com/np/categories/196436)\n        *   [건강](https://www.coupang.com/np/categories/196444)\n\n    *   [건강식품](https://www.coupang.com/np/categories/196076)\n\n        *   [건강기능식품](https://www.coupang.com/np/campaigns/6585)\n        *   [홍삼/인삼](https://www.coupang.com/np/categories/196126)\n        *   [건강즙/음료](https://www.coupang.com/np/categories/196136)\n        *   [비타민/미네랄](https://www.coupang.com/np/categories/306726)\n        *   [건강식품](https://www.coupang.com/np/categories/306749)\n        *   [헬스보충식품](https://www.coupang.com/np/categories/306808)\n        *   [다이어트/이너뷰티](https://www.coupang.com/np/categories/306831)\n        *   [영양식/선식](https://www.coupang.com/np/categories/196183)\n        *   [어린이 건강식품](https://www.coupang.com/np/categories/502184)\n        *   [꿀/프로폴리스](https://www.coupang.com/np/categories/196189)\n        *   [건강차 원물](https://www.coupang.com/np/categories/196195)\n        *   [건강분말/건강환](https://www.coupang.com/np/categories/196207)\n        *   [한방재료](https://www.coupang.com/np/categories/196211)\n\n    *   [생수/음료](https://www.coupang.com/np/categories/195006)\n\n        *   [생수](https://www.coupang.com/np/categories/195008)\n        *   [탄산수](https://www.coupang.com/np/categories/497920)\n        *   [과일/야채음료](https://www.coupang.com/np/categories/195015)\n        *   [탄산/스포츠음료](https://www.coupang.com/np/categories/195050)\n        *   [커피음료/차음료](https://www.coupang.com/np/categories/195062)\n        *   [두유](https://www.coupang.com/np/categories/195080)\n        *   [냉장우유](https://www.coupang.com/np/categories/445905)\n        *   [멸균우유](https://www.coupang.com/np/categories/195088)\n        *   [숙취/건강음료](https://www.coupang.com/np/categories/195104)\n        *   [어린이음료](https://www.coupang.com/np/categories/195124)\n        *   [음료선물세트](https://www.coupang.com/np/categories/195141)\n        *   [무/비알콜음료](https://www.coupang.com/np/categories/497899)\n        *   [전통주](https://www.coupang.com/np/categories/311357)\n\n    *   [커피/원두/차](https://www.coupang.com/np/categories/195142)\n\n        *   [커피믹스](https://www.coupang.com/np/categories/429888)\n        *   [원두/생두](https://www.coupang.com/np/categories/429889)\n        *   [캡슐/더치/티백](https://www.coupang.com/np/categories/429890)\n        *   [녹차/메밀차](https://www.coupang.com/np/categories/486104)\n        *   [둥글레/옥수수차](https://www.coupang.com/np/categories/195168)\n        *   [보리/우엉/결명자](https://www.coupang.com/np/categories/195172)\n        *   [도라지/작두콩차](https://www.coupang.com/np/categories/486111)\n        *   [홍차/밀크티](https://www.coupang.com/np/categories/486114)\n        *   [유자/과일차](https://www.coupang.com/np/categories/486118)\n        *   [율무/전통차](https://www.coupang.com/np/categories/486131)\n        *   [허브/콤부/꽃차](https://www.coupang.com/np/categories/195232)\n        *   [코코아/라떼/기타분말](https://www.coupang.com/np/categories/195254)\n        *   [커피/차 선물세트](https://www.coupang.com/np/categories/195262)\n        *   [더보기](https://www.coupang.com/np/categories/195142)\n\n    *   [과자/초콜릿/시리얼](https://www.coupang.com/np/categories/195266)\n\n        *   [과자](https://www.coupang.com/np/categories/195268)\n        *   [비스킷/크래커](https://www.coupang.com/np/categories/195282)\n        *   [쿠키/파이](https://www.coupang.com/np/categories/195291)\n        *   [전통과자/떡](https://www.coupang.com/np/categories/195398)\n        *   [초콜릿](https://www.coupang.com/np/categories/195297)\n        *   [젤리/캐러멜](https://www.coupang.com/np/categories/431978)\n        *   [사탕/껌](https://www.coupang.com/np/categories/195303)\n        *   [시리얼](https://www.coupang.com/np/categories/195322)\n        *   [베이커리/잼](https://www.coupang.com/np/categories/195328)\n        *   [육포/원물간식](https://www.coupang.com/np/categories/195388)\n        *   [과자/간식세트](https://www.coupang.com/np/categories/195428)\n        *   [어린이간식](https://www.coupang.com/np/categories/497936)\n\n    *   [견과/건과](https://www.coupang.com/np/categories/194373)\n\n        *   [땅콩/호두](https://www.coupang.com/np/categories/194376)\n        *   [밤/잣/은행](https://www.coupang.com/np/categories/194381)\n        *   [아몬드/피스타치오](https://www.coupang.com/np/categories/194387)\n        *   [기타견과류](https://www.coupang.com/np/categories/194392)\n        *   [호박씨/해바라기씨](https://www.coupang.com/np/categories/194401)\n        *   [기타씨앗](https://www.coupang.com/np/categories/194405)\n        *   [혼합견과/세트](https://www.coupang.com/np/categories/194407)\n        *   [건과일/건채소](https://www.coupang.com/np/categories/194411)\n        *   [과일가루](https://www.coupang.com/np/categories/394584)\n\n    *   [반찬/간편식/대용식](https://www.coupang.com/np/categories/432480)\n\n        *   [샐러드/닭가슴살](https://www.coupang.com/np/categories/432481)\n        *   [간편과일/후레쉬컷](https://www.coupang.com/np/categories/432506)\n        *   [시리얼/쉐이크/선식](https://www.coupang.com/np/categories/432531)\n        *   [즉석밥/도시락](https://www.coupang.com/np/categories/432554)\n        *   [즉석죽/스프](https://www.coupang.com/np/categories/432568)\n        *   [라면/파스타/면](https://www.coupang.com/np/categories/432572)\n        *   [김치/반찬/김](https://www.coupang.com/np/categories/432595)\n        *   [국/탕/찌개](https://www.coupang.com/np/categories/432669)\n        *   [고기/해물/간편조리](https://www.coupang.com/np/categories/432672)\n        *   [분식/튀김/피자](https://www.coupang.com/np/categories/432740)\n        *   [햄버거/베이커리/떡](https://www.coupang.com/np/categories/432765)\n        *   [이유식/어린이식품](https://www.coupang.com/np/categories/432814)\n\n    *   [면/통조림/가공식품](https://www.coupang.com/np/categories/195443)\n\n        *   [라면/컵라면](https://www.coupang.com/np/categories/486355)\n        *   [면류/파스타](https://www.coupang.com/np/categories/486403)\n        *   [참치/햄/통조림](https://www.coupang.com/np/categories/195484)\n        *   [즉석밥/누룽지](https://www.coupang.com/np/categories/486855)\n        *   [카레/짜장/양념](https://www.coupang.com/np/categories/486581)\n        *   [즉석국/간편조리](https://www.coupang.com/np/categories/486582)\n\n    *   [가루/조미료/오일](https://www.coupang.com/np/categories/195576)\n\n        *   [가루/분말류](https://www.coupang.com/np/categories/195578)\n        *   [설탕/소금/조미료](https://www.coupang.com/np/categories/195621)\n        *   [식용유/오일](https://www.coupang.com/np/categories/195669)\n\n    *   [장/소스/드레싱/식초](https://www.coupang.com/np/categories/195694)\n\n        *   [장류](https://www.coupang.com/np/categories/195696)\n        *   [케찹/마요네즈](https://www.coupang.com/np/categories/195716)\n        *   [머스타드](https://www.coupang.com/np/categories/195720)\n        *   [소스](https://www.coupang.com/np/categories/195721)\n        *   [드레싱](https://www.coupang.com/np/categories/195747)\n        *   [식초/미림](https://www.coupang.com/np/categories/195756)\n        *   [물엿/올리고당/조청](https://www.coupang.com/np/categories/195767)\n        *   [육수/액젓](https://www.coupang.com/np/categories/195772)\n        *   [꿀](https://www.coupang.com/np/categories/195778)\n\n    *   [냉장/냉동/간편요리](https://www.coupang.com/np/categories/225461)\n\n        *   [밀키트](https://www.coupang.com/np/categories/486687)\n        *   [즉석밥/볶음밥](https://www.coupang.com/np/categories/446032)\n        *   [즉석국/탕/찌개](https://www.coupang.com/np/categories/446035)\n        *   [고기/해물/기타요리](https://www.coupang.com/np/categories/225504)\n        *   [면류](https://www.coupang.com/np/categories/446038)\n        *   [떡류](https://www.coupang.com/np/categories/446051)\n        *   [만두/돈까스/치킨](https://www.coupang.com/np/categories/225481)\n        *   [분식/피자/핫도그](https://www.coupang.com/np/categories/225491)\n        *   [김치/젓갈/장류](https://www.coupang.com/np/categories/225537)\n        *   [반찬/절임](https://www.coupang.com/np/categories/225576)\n        *   [햄/어묵/맛살](https://www.coupang.com/np/categories/225609)\n        *   [두부/샐러드/도시락](https://www.coupang.com/np/categories/225626)\n\n    *   [과일](https://www.coupang.com/np/categories/194282)\n\n        *   [사과/배](https://www.coupang.com/np/categories/194284)\n        *   [귤/한라봉/감귤류](https://www.coupang.com/np/categories/194288)\n        *   [감/홍시/곶감](https://www.coupang.com/np/categories/194294)\n        *   [키위/참다래](https://www.coupang.com/np/categories/194300)\n        *   [토마토/자두/복숭아/포도](https://www.coupang.com/np/categories/194306)\n        *   [수박/메론/참외](https://www.coupang.com/np/categories/194315)\n        *   [딸기/블루베리/베리류](https://www.coupang.com/np/categories/194320)\n        *   [바나나/오렌지/파인애플](https://www.coupang.com/np/categories/194326)\n        *   [자몽/레몬/라임/석류](https://www.coupang.com/np/categories/194331)\n        *   [망고/체리/아보카도/기타](https://www.coupang.com/np/categories/194337)\n        *   [냉동과일/간편과일](https://www.coupang.com/np/categories/194358)\n        *   [과일선물세트](https://www.coupang.com/np/categories/194368)\n\n    *   [축산/계란](https://www.coupang.com/np/categories/194688)\n\n        *   [소고기](https://www.coupang.com/np/categories/194690)\n        *   [돼지고기](https://www.coupang.com/np/categories/194726)\n        *   [닭/오리고기](https://www.coupang.com/np/categories/194756)\n        *   [양/말고기](https://www.coupang.com/np/categories/194792)\n        *   [기타 육고기](https://www.coupang.com/np/categories/194805)\n        *   [계란/알류/가공란](https://www.coupang.com/np/categories/194810)\n        *   [축산선물세트](https://www.coupang.com/np/categories/194817)\n\n    *   [채소](https://www.coupang.com/np/categories/194432)\n\n        *   [두부/콩나물](https://www.coupang.com/np/categories/194434)\n        *   [감자/고구마](https://www.coupang.com/np/categories/194445)\n        *   [당근/뿌리채소](https://www.coupang.com/np/categories/194454)\n        *   [오이/고추/열매채소](https://www.coupang.com/np/categories/194485)\n        *   [양파/마늘/파](https://www.coupang.com/np/categories/194505)\n        *   [배추/무/김장채소](https://www.coupang.com/np/categories/194516)\n        *   [시금치/나물/잎줄기채소](https://www.coupang.com/np/categories/194537)\n        *   [상추/깻잎/쌈채소](https://www.coupang.com/np/categories/194569)\n        *   [샐러드/손질채소](https://www.coupang.com/np/categories/194575)\n        *   [새송이/버섯류](https://www.coupang.com/np/categories/194584)\n        *   [인삼/건강차재료](https://www.coupang.com/np/categories/194603)\n        *   [기타채소](https://www.coupang.com/np/categories/194619)\n        *   [건나물/건채소](https://www.coupang.com/np/categories/194620)\n        *   [더보기](https://www.coupang.com/np/categories/194432)\n\n    *   [수산물/건어물](https://www.coupang.com/np/categories/194829)\n\n        *   [생선](https://www.coupang.com/np/categories/194831)\n        *   [오징어/낙지/연체류](https://www.coupang.com/np/categories/194889)\n        *   [새우/게/갑각류](https://www.coupang.com/np/categories/194898)\n        *   [전복/굴/조개류](https://www.coupang.com/np/categories/194907)\n        *   [멸치/다시팩/기타](https://www.coupang.com/np/categories/194931)\n        *   [김/미역/해조류](https://www.coupang.com/np/categories/194938)\n        *   [건오징어/쥐포/어포](https://www.coupang.com/np/categories/194961)\n        *   [황태/진미채](https://www.coupang.com/np/categories/194975)\n        *   [생선알](https://www.coupang.com/np/categories/194980)\n        *   [기타수산물/건어물](https://www.coupang.com/np/categories/194988)\n        *   [수산물선물세트](https://www.coupang.com/np/categories/195000)\n\n    *   [더보기](https://www.coupang.com/np/categories/194276)\n\n[식품](https://pages.coupang.com/p/100664 \"식품\")![Image 23: 식품](https://pages.coupang.com/p/136938)\n\n*   [주방용품](https://www.coupang.com/np/categories/185669)\n\n    *   [프리미엄 키친](https://www.coupang.com/np/campaigns/18867) \n    *   [브랜드 스토어](https://www.coupang.com/np/campaigns/19257) \n    *   [냄비/프라이팬](https://www.coupang.com/np/categories/185671)\n\n        *   [냄비/뚝배기](https://www.coupang.com/np/categories/185673)\n        *   [프라이팬](https://www.coupang.com/np/categories/185686)\n        *   [냄비/프라이팬세트](https://www.coupang.com/np/categories/185705)\n        *   [찜솥/들통](https://www.coupang.com/np/categories/185722)\n        *   [압력솥/가마솥](https://www.coupang.com/np/categories/185729)\n\n    *   [주방조리도구](https://www.coupang.com/np/categories/185976)\n\n        *   [조리도구](https://www.coupang.com/np/categories/186012)\n        *   [조리도구세트](https://www.coupang.com/np/categories/186038)\n        *   [가위/슬라이서/스퀴져](https://www.coupang.com/np/categories/186045)\n        *   [믹싱볼/대야](https://www.coupang.com/np/categories/186059)\n        *   [채반/소쿠리](https://www.coupang.com/np/categories/186063)\n        *   [다지기/절구/밀대](https://www.coupang.com/np/categories/186067)\n        *   [석쇠/버너/화로](https://www.coupang.com/np/categories/486528)\n        *   [야채탈수기](https://www.coupang.com/np/categories/186085)\n        *   [간식/도시락조리도구](https://www.coupang.com/np/categories/407524)\n        *   [베이킹용품](https://www.coupang.com/np/categories/509037)\n        *   [칼](https://www.coupang.com/np/categories/509166)\n        *   [도마](https://www.coupang.com/np/categories/508986)\n\n    *   [그릇/홈세트](https://www.coupang.com/np/categories/185735)\n\n        *   [식기홈세트](https://www.coupang.com/np/categories/185737)\n        *   [그릇/식기](https://www.coupang.com/np/categories/185744)\n        *   [접시/플레이트](https://www.coupang.com/np/categories/185782)\n        *   [식탁보/테이블매트](https://www.coupang.com/np/categories/486307)\n        *   [쟁반/베드트레이](https://www.coupang.com/np/categories/185792)\n        *   [이유/유아식기](https://www.coupang.com/np/categories/185764)\n        *   [제기/제수용품](https://www.coupang.com/np/categories/509147)\n\n    *   [컵/텀블러/와인용품](https://www.coupang.com/np/categories/185797)\n\n        *   [머그/드링크자](https://www.coupang.com/np/categories/185799)\n        *   [커피잔/찻잔](https://www.coupang.com/np/categories/185805)\n        *   [텀블러/콜드컵](https://www.coupang.com/np/categories/185804)\n        *   [유아동컵/빨대컵](https://www.coupang.com/np/categories/509280)\n        *   [물컵/주스컵/스텐컵](https://www.coupang.com/np/categories/185803)\n        *   [유리컵/맥주잔](https://www.coupang.com/np/categories/185811)\n        *   [와인용품](https://www.coupang.com/np/categories/508998)\n        *   [주류용품](https://www.coupang.com/np/categories/509134)\n        *   [컵소품](https://www.coupang.com/np/categories/185819)\n\n    *   [밀폐저장/도시락](https://www.coupang.com/np/categories/185872)\n\n        *   [밀폐보관용기](https://www.coupang.com/np/categories/185874)\n        *   [특수저장용기](https://www.coupang.com/np/categories/185884)\n        *   [양념통/오일병](https://www.coupang.com/np/categories/185896)\n        *   [쌀통/잡곡통/항아리](https://www.coupang.com/np/categories/185907)\n        *   [김치통/진공항아리](https://www.coupang.com/np/categories/185913)\n        *   [물병/물통/텀블러](https://www.coupang.com/np/categories/185914)\n        *   [도시락통/가방/찬합](https://www.coupang.com/np/categories/185940)\n        *   [이유식조리보관](https://www.coupang.com/np/categories/509268)\n        *   [유아동물병/도시락](https://www.coupang.com/np/categories/509273)\n\n    *   [수저/커트러리](https://www.coupang.com/np/categories/185823)\n\n        *   [수저/커트러리세트](https://www.coupang.com/np/categories/185825)\n        *   [숟가락/티스푼](https://www.coupang.com/np/categories/185831)\n        *   [젓가락](https://www.coupang.com/np/categories/185837)\n        *   [포크/디저트포크](https://www.coupang.com/np/categories/185841)\n        *   [나이프](https://www.coupang.com/np/categories/185846)\n        *   [유아동수저](https://www.coupang.com/np/categories/185852)\n        *   [서빙스푼/스쿱](https://www.coupang.com/np/categories/185863)\n        *   [수저통/수저받침](https://www.coupang.com/np/categories/185867)\n\n    *   [주방잡화](https://www.coupang.com/np/categories/399678)\n\n        *   [수세미/세척솔](https://www.coupang.com/np/categories/399679)\n        *   [고무장갑](https://www.coupang.com/np/categories/399685)\n        *   [행주](https://www.coupang.com/np/categories/399686)\n        *   [앞치마/오븐장갑](https://www.coupang.com/np/categories/399689)\n        *   [주방매트/다용도매트](https://www.coupang.com/np/categories/399696)\n        *   [식탁보/테이블매트](https://www.coupang.com/np/categories/399700)\n        *   [음식물쓰레기통](https://www.coupang.com/np/categories/399705)\n        *   [싱크대용품](https://www.coupang.com/np/categories/399708)\n        *   [아트보드/렌지가드](https://www.coupang.com/np/categories/399712)\n        *   [계량/저울/타이머](https://www.coupang.com/np/categories/399716)\n        *   [덮개/받침](https://www.coupang.com/np/categories/399723)\n        *   [냅킨/주방수건](https://www.coupang.com/np/categories/399732)\n        *   [오프너/병따개](https://www.coupang.com/np/categories/399736)\n        *   [더보기](https://www.coupang.com/np/categories/399678)\n\n    *   [주방수납/정리](https://www.coupang.com/np/categories/186147)\n\n        *   [공간별수납/정리](https://www.coupang.com/np/categories/384929)\n        *   [식기건조대/선반](https://www.coupang.com/np/categories/186149)\n        *   [주방정리소품](https://www.coupang.com/np/categories/403183)\n        *   [교자상](https://www.coupang.com/np/categories/509117)\n\n    *   [주전자/커피/티용품](https://www.coupang.com/np/categories/186412)\n\n        *   [주전자/티포트](https://www.coupang.com/np/categories/508880)\n        *   [커피용품](https://www.coupang.com/np/categories/186414)\n        *   [티용품](https://www.coupang.com/np/categories/186440)\n\n    *   [일회용품/종이컵](https://www.coupang.com/np/categories/186260)\n\n        *   [랩/호일/유산지](https://www.coupang.com/np/categories/186262)\n        *   [키친타올](https://www.coupang.com/np/categories/276482)\n        *   [일회용장갑](https://www.coupang.com/np/categories/186273)\n        *   [위생백/비닐봉투](https://www.coupang.com/np/categories/186277)\n        *   [일회용컵](https://www.coupang.com/np/categories/186285)\n        *   [일회용수저](https://www.coupang.com/np/categories/186298)\n        *   [일회용용기/도시락](https://www.coupang.com/np/categories/186305)\n        *   [배달일회용용품](https://www.coupang.com/np/categories/497112)\n        *   [빨대/스트로우](https://www.coupang.com/np/categories/186315)\n        *   [기타주방일회용품](https://www.coupang.com/np/categories/186322)\n\n    *   [주방가전](https://www.coupang.com/np/categories/186504)\n\n        *   [전기밥솥](https://www.coupang.com/np/categories/186506)\n        *   [전자레인지](https://www.coupang.com/np/categories/445266)\n        *   [오븐](https://www.coupang.com/np/categories/445267)\n        *   [가스레인지](https://www.coupang.com/np/categories/384889)\n        *   [전기레인지](https://www.coupang.com/np/categories/384890)\n        *   [식기세척/건조기](https://www.coupang.com/np/categories/186585)\n        *   [믹서기/블렌더](https://www.coupang.com/np/categories/186543)\n        *   [커피메이커/머신](https://www.coupang.com/np/categories/186533)\n        *   [빙수기/제빙기](https://www.coupang.com/np/categories/427583)\n        *   [전기포트](https://www.coupang.com/np/categories/384907)\n        *   [에어프라이어](https://www.coupang.com/np/categories/445272)\n        *   [튀김기](https://www.coupang.com/np/categories/445273)\n        *   [토스터](https://www.coupang.com/np/categories/445278)\n        *   [더보기](https://www.coupang.com/np/categories/186504)\n\n    *   [1인가구 주방용품](https://www.coupang.com/np/categories/429840)\n\n        *   [1인 식기세트](https://www.coupang.com/np/campaigns/2346)\n        *   [샐러드볼/시리얼볼](https://www.coupang.com/np/categories/429842)\n        *   [미니밥솥](https://www.coupang.com/np/campaigns/2159)\n        *   [냉동밥 보관용기](https://www.coupang.com/np/campaigns/2373)\n        *   [홈바](https://www.coupang.com/np/categories/429847)\n        *   [전자레인지](https://www.coupang.com/np/categories/429853)\n        *   [전기레인지](https://www.coupang.com/np/campaigns/2369)\n        *   [에어프라이어](https://www.coupang.com/np/categories/429855)\n        *   [멀티포트/티포트](https://www.coupang.com/np/categories/429856)\n        *   [핸드블렌더](https://www.coupang.com/np/categories/429857)\n        *   [토스터](https://www.coupang.com/np/categories/429858)\n        *   [냄비/프라이팬](https://www.coupang.com/np/categories/429859)\n        *   [칼/가위/도마](https://www.coupang.com/np/categories/429862)\n        *   [더보기](https://www.coupang.com/np/categories/429840)\n\n    *   [보온/보냉용품](https://www.coupang.com/np/categories/185955)\n\n        *   [보온/보냉병](https://www.coupang.com/np/categories/185957)\n        *   [보온/보냉도시락](https://www.coupang.com/np/categories/185958)\n        *   [보온죽통/푸드자](https://www.coupang.com/np/categories/185962)\n        *   [보온/보냉텀블러](https://www.coupang.com/np/categories/185963)\n        *   [보온/보냉주전자](https://www.coupang.com/np/categories/185964)\n        *   [아이스박스/아이스팩](https://www.coupang.com/np/categories/185965)\n        *   [아이스물통/워터저그](https://www.coupang.com/np/categories/185969)\n        *   [쿨러백/보온보냉소품](https://www.coupang.com/np/categories/185970)\n\n[주방용품](https://pages.coupang.com/p/156309 \"주방용품\")![Image 24: 주방용품](https://pages.coupang.com/p/136938)\n\n*   [생활용품](https://www.coupang.com/np/categories/115673)\n\n    *   [헤어](https://www.coupang.com/np/categories/123111)\n\n        *   [샴푸/린스](https://www.coupang.com/np/categories/123139)\n        *   [트리트먼트/팩/앰플](https://www.coupang.com/np/categories/123170)\n        *   [스타일링/케어/세트](https://www.coupang.com/np/categories/126790)\n        *   [염색/파마](https://www.coupang.com/np/categories/126791)\n\n    *   [바디/세안](https://www.coupang.com/np/categories/509357)\n\n        *   [샤워/입욕용품](https://www.coupang.com/np/categories/509358)\n        *   [바디로션/크림](https://www.coupang.com/np/categories/509509)\n        *   [핸드/풋/데오](https://www.coupang.com/np/categories/509518)\n        *   [제모/슬리밍/청결제](https://www.coupang.com/np/categories/509543)\n        *   [클렌징/필링](https://www.coupang.com/np/categories/509562)\n\n    *   [구강/면도](https://www.coupang.com/np/categories/114471)\n\n        *   [면도기/날](https://www.coupang.com/np/categories/114563)\n        *   [면도크림/젤](https://www.coupang.com/np/categories/114564)\n        *   [치약](https://www.coupang.com/np/categories/114565)\n        *   [칫솔](https://www.coupang.com/np/categories/114566)\n        *   [전동칫솔/칫솔모](https://www.coupang.com/np/categories/281742)\n        *   [치약/칫솔 세트](https://www.coupang.com/np/categories/159429)\n        *   [구강청결제](https://www.coupang.com/np/categories/114567)\n        *   [치실/치간칫솔](https://www.coupang.com/np/categories/114568)\n        *   [치아미백제](https://www.coupang.com/np/categories/114569)\n        *   [구강보조용품](https://www.coupang.com/np/categories/114570)\n\n    *   [화장지/물티슈](https://www.coupang.com/np/categories/465071)\n\n        *   [화장지](https://www.coupang.com/np/categories/465073)\n        *   [갑티슈/여행용티슈](https://www.coupang.com/np/categories/465074)\n        *   [물티슈/비데티슈](https://www.coupang.com/np/categories/465075)\n        *   [키친타올](https://www.coupang.com/np/categories/465076)\n\n    *   [생리대/성인용기저귀](https://www.coupang.com/np/categories/465072)\n\n        *   [일반생리대](https://www.coupang.com/np/categories/465077)\n        *   [오버나이트](https://www.coupang.com/np/categories/465078)\n        *   [팬티라이너](https://www.coupang.com/np/categories/465079)\n        *   [체내형/생리컵](https://www.coupang.com/np/categories/465080)\n        *   [면 생리대](https://www.coupang.com/np/categories/465081)\n        *   [산모/임산부패드](https://www.coupang.com/np/categories/465083)\n        *   [위생/생리팬티](https://www.coupang.com/np/categories/465084)\n        *   [성인용기저귀/패드](https://www.coupang.com/np/categories/465082)\n        *   [여성청결제](https://www.coupang.com/np/categories/465085)\n\n    *   [기저귀](https://www.coupang.com/np/categories/502258)\n\n        *   [일회용기저귀](https://www.coupang.com/np/categories/502259)\n        *   [수영장기저귀](https://www.coupang.com/np/categories/502263)\n        *   [천기저귀/액세서리](https://www.coupang.com/np/categories/502264)\n        *   [배변훈련팬티](https://www.coupang.com/np/categories/502268)\n        *   [기저귀케익](https://www.coupang.com/np/categories/502269)\n        *   [기저귀크림/파우더](https://www.coupang.com/np/categories/502270)\n        *   [기저귀정리함](https://www.coupang.com/np/categories/502274)\n        *   [기저귀매트](https://www.coupang.com/np/categories/502275)\n        *   [기저귀통/봉투](https://www.coupang.com/np/categories/502279)\n        *   [기저귀가방](https://www.coupang.com/np/categories/502282)\n\n    *   [세탁세제](https://www.coupang.com/np/categories/399742)\n\n        *   [액체세제](https://www.coupang.com/np/categories/399743)\n        *   [분말세제](https://www.coupang.com/np/categories/399744)\n        *   [캡슐세제](https://www.coupang.com/np/categories/399745)\n        *   [시트세제](https://www.coupang.com/np/categories/498014)\n        *   [섬유유연제](https://www.coupang.com/np/categories/498015)\n        *   [울세제/홈드라이세제](https://www.coupang.com/np/categories/498016)\n        *   [섬유항균제](https://www.coupang.com/np/categories/564321)\n        *   [향기지속제](https://www.coupang.com/np/categories/399747)\n        *   [표백제](https://www.coupang.com/np/categories/399748)\n        *   [세탁비누](https://www.coupang.com/np/categories/399750)\n        *   [얼룩/찌든때 제거제](https://www.coupang.com/np/categories/399751)\n        *   [운동화/가죽크리너](https://www.coupang.com/np/categories/399752)\n        *   [유아세제/섬유유연제](https://www.coupang.com/np/categories/399753)\n        *   [더보기](https://www.coupang.com/np/categories/399742)\n\n    *   [청소/주방세제](https://www.coupang.com/np/categories/399758)\n\n        *   [친환경/천연세제](https://www.coupang.com/np/categories/498021)\n        *   [청소세제](https://www.coupang.com/np/categories/399760)\n        *   [주방세제](https://www.coupang.com/np/categories/399773)\n        *   [세제선물세트](https://www.coupang.com/np/categories/399783)\n\n    *   [탈취/방향/살충](https://www.coupang.com/np/categories/114472)\n\n        *   [탈취제](https://www.coupang.com/np/categories/114596)\n        *   [제습제](https://www.coupang.com/np/categories/154294)\n        *   [방향제](https://www.coupang.com/np/categories/114597)\n        *   [캔들/디퓨저](https://www.coupang.com/np/categories/154289)\n        *   [살충제/벌레약](https://www.coupang.com/np/categories/363658)\n        *   [야외활동케어](https://www.coupang.com/np/categories/363664)\n        *   [방충용품](https://www.coupang.com/np/categories/363669)\n        *   [곰팡이/진드기](https://www.coupang.com/np/categories/363677)\n\n    *   [건강/의료용품](https://www.coupang.com/np/categories/114473)\n\n        *   [마스크](https://www.coupang.com/np/categories/114642)\n        *   [의약외품/상비용품](https://www.coupang.com/np/categories/114650)\n        *   [눈/렌즈용품](https://www.coupang.com/np/categories/114641)\n        *   [코/수면용품](https://www.coupang.com/np/categories/114646)\n        *   [자세교정/보호대](https://www.coupang.com/np/categories/114643)\n        *   [마사지용품](https://www.coupang.com/np/categories/373491)\n        *   [한방/찜질용품](https://www.coupang.com/np/categories/114645)\n        *   [건강측정용품](https://www.coupang.com/np/categories/114644)\n        *   [전문의료용품](https://www.coupang.com/np/categories/114651)\n        *   [건강액세서리](https://www.coupang.com/np/categories/114648)\n        *   [활동보조용품](https://www.coupang.com/np/categories/114647)\n\n    *   [성인용품(19)](https://www.coupang.com/np/categories/174692)\n\n        *   [콘돔](https://www.coupang.com/np/categories/219159)\n        *   [러브젤](https://www.coupang.com/np/categories/510373)\n        *   [마사지젤/오일](https://www.coupang.com/np/categories/403213)\n        *   [성인 완구/게임(19)](https://www.coupang.com/np/categories/219162)\n        *   [성인용품세트(19)](https://www.coupang.com/np/categories/305527)\n        *   [성인 란제리(19)](https://www.coupang.com/np/categories/174704)\n        *   [성인 코스튬(19)](https://www.coupang.com/np/categories/247512)\n        *   [성인 가구(19)](https://www.coupang.com/np/categories/219171)\n        *   [구속/처벌 용품(19)](https://www.coupang.com/np/categories/219172)\n        *   [성인 도서/DVD(19)](https://www.coupang.com/np/categories/174714)\n        *   [금연/흡연용품(19)](https://www.coupang.com/np/categories/379778)\n\n    *   [세탁/청소용품](https://www.coupang.com/np/categories/225844)\n\n        *   [청소용품](https://www.coupang.com/np/categories/225845)\n        *   [밀대/청소포](https://www.coupang.com/np/categories/225852)\n        *   [빨래건조대](https://www.coupang.com/np/categories/225865)\n        *   [빨래용품](https://www.coupang.com/np/categories/225861)\n        *   [휴지통](https://www.coupang.com/np/categories/225871)\n        *   [분리수거함](https://www.coupang.com/np/categories/225866)\n        *   [먼지제거/클리너](https://www.coupang.com/np/categories/225872)\n        *   [세탁/다림용품](https://www.coupang.com/np/categories/225878)\n\n    *   [욕실용품](https://www.coupang.com/np/categories/419509)\n\n        *   [샤워기/헤드](https://www.coupang.com/np/categories/419510)\n        *   [목욕/샤워용품](https://www.coupang.com/np/categories/419523)\n        *   [수건/타월](https://www.coupang.com/np/categories/419534)\n        *   [욕실수납/정리](https://www.coupang.com/np/categories/419547)\n        *   [욕실화](https://www.coupang.com/np/categories/419557)\n        *   [욕실매트/발판](https://www.coupang.com/np/categories/419542)\n        *   [욕조](https://www.coupang.com/np/categories/419517)\n        *   [세면대/세면기](https://www.coupang.com/np/categories/419559)\n        *   [변기/비데용품](https://www.coupang.com/np/categories/419562)\n        *   [욕실거울](https://www.coupang.com/np/categories/419558)\n        *   [욕실용품/잡화](https://www.coupang.com/np/categories/419569)\n        *   [유아욕실용품](https://www.coupang.com/np/campaigns/1982)\n        *   [수전용품](https://www.coupang.com/np/categories/419578)\n        *   [더보기](https://www.coupang.com/np/categories/419509)\n\n    *   [생활전기용품](https://www.coupang.com/np/categories/399909)\n\n        *   [멀티탭/연장선](https://www.coupang.com/np/categories/399910)\n        *   [전구/램프](https://www.coupang.com/np/categories/399915)\n        *   [조명기구/부속](https://www.coupang.com/np/categories/399922)\n        *   [전선정리용품](https://www.coupang.com/np/categories/399932)\n        *   [전기설비/자재](https://www.coupang.com/np/categories/399937)\n        *   [건전지/배터리](https://www.coupang.com/np/categories/399946)\n\n    *   [수납/정리](https://www.coupang.com/np/categories/114727)\n\n        *   [선반/진열대](https://www.coupang.com/np/categories/115136)\n        *   [리빙박스](https://www.coupang.com/np/categories/115133)\n        *   [이사박스/종이박스](https://www.coupang.com/np/categories/403207)\n        *   [수납장/서랍장](https://www.coupang.com/np/categories/115135)\n        *   [바구니/칸막이](https://www.coupang.com/np/categories/115134)\n        *   [행거](https://www.coupang.com/np/categories/115131)\n        *   [옷걸이](https://www.coupang.com/np/categories/115132)\n        *   [압축팩/커버](https://www.coupang.com/np/categories/115172)\n        *   [슈즈렉/우산꽂이](https://www.coupang.com/np/categories/156717)\n        *   [수납케이스](https://www.coupang.com/np/categories/224851)\n        *   [욕실정리용품](https://www.coupang.com/np/categories/225886)\n        *   [휴지통/분리수거함](https://www.coupang.com/np/categories/225895)\n\n    *   [주방수납/잡화](https://www.coupang.com/np/categories/105903)\n\n        *   [주방수납](https://www.coupang.com/np/categories/105905)\n        *   [주방세척도구](https://www.coupang.com/np/categories/105916)\n        *   [주방잡화](https://www.coupang.com/np/categories/105931)\n        *   [주방일회용품](https://www.coupang.com/np/categories/105975)\n\n    *   [더보기](https://www.coupang.com/np/categories/115673)\n\n[생활용품](http://www.coupang.com/mlp/web/mlp-landing-page?landingId=2505&subSourceType=gm_crm_gwsrtcut \"생활용품\")![Image 25: 생활용품](https://pages.coupang.com/p/136938)\n\n*   [홈인테리어](https://www.coupang.com/np/categories/184555)\n\n    *   [크리스마스용품](https://www.coupang.com/np/categories/185343)\n\n        *   [쿠팡 수입](https://www.coupang.com/np/campaigns/21313)\n        *   [크리스마스 트리](https://www.coupang.com/np/categories/185345)\n        *   [크리스마스 조명](https://www.coupang.com/np/categories/407305)\n        *   [크리스마스 오너먼트](https://www.coupang.com/np/campaigns/21315)\n        *   [크리스마스 소품](https://www.coupang.com/np/categories/407308)\n        *   [크리스마스 디퓨저](https://www.coupang.com/np/categories/407309)\n        *   [크리스마스 캔들/워머](https://www.coupang.com/np/categories/362457)\n\n    *   [방한용품](https://www.coupang.com/np/categories/508188)\n\n        *   [손난로/핫팩](https://www.coupang.com/np/categories/508189)\n        *   [보온/난방텐트](https://www.coupang.com/np/categories/508190)\n        *   [단열에어캡/단열필름](https://www.coupang.com/np/categories/508191)\n        *   [방풍비닐](https://www.coupang.com/np/categories/508192)\n        *   [문풍지/틈막이](https://www.coupang.com/np/categories/508193)\n        *   [폼블럭/단열벽지](https://www.coupang.com/np/categories/508194)\n        *   [물기흡수 테이프](https://www.coupang.com/np/categories/508195)\n        *   [방한커튼](https://www.coupang.com/np/categories/508196)\n\n    *   [FW 침구샵](https://www.coupang.com/np/categories/317255)\n\n        *   [이불/침구세트](https://www.coupang.com/np/categories/317256)\n        *   [매트리스/토퍼](https://www.coupang.com/np/categories/491427)\n        *   [패드/스프레드](https://www.coupang.com/np/categories/317268)\n        *   [침구커버](https://www.coupang.com/np/categories/317273)\n        *   [난방텐트](https://www.coupang.com/np/categories/317320)\n        *   [베개/바디필로우](https://www.coupang.com/np/categories/317278)\n        *   [커튼/블라인드](https://www.coupang.com/np/categories/317299)\n        *   [카페트/쿠션](https://www.coupang.com/np/categories/317282)\n        *   [가전/가구 커버](https://www.coupang.com/np/categories/396230)\n        *   [유아동침구](https://www.coupang.com/np/categories/317321)\n\n    *   [로켓설치 가구](https://www.coupang.com/np/campaigns/6733) \n    *   [홈데코/디퓨저](https://www.coupang.com/np/categories/417542)\n\n        *   [캔들/캔들홀더](https://www.coupang.com/np/categories/417543)\n        *   [디퓨저/방향제](https://www.coupang.com/np/categories/417572)\n        *   [화병/화분](https://www.coupang.com/np/categories/417607)\n        *   [조화/드라이플라워](https://www.coupang.com/np/categories/417615)\n        *   [홈데코 소품](https://www.coupang.com/np/categories/417622)\n        *   [시계](https://www.coupang.com/np/categories/417644)\n        *   [거울](https://www.coupang.com/np/categories/417650)\n        *   [액자](https://www.coupang.com/np/categories/417656)\n        *   [그림/사진](https://www.coupang.com/np/categories/417657)\n        *   [시트지/스티커](https://www.coupang.com/np/categories/417663)\n        *   [조명/스탠드](https://www.coupang.com/np/campaigns/1648)\n        *   [러그/카페트](https://www.coupang.com/np/campaigns/1650)\n        *   [쿠션/방석](https://www.coupang.com/np/campaigns/1652)\n        *   [더보기](https://www.coupang.com/np/categories/417542)\n\n    *   [조명/스탠드](https://www.coupang.com/np/categories/407567)\n\n        *   [장스탠드](https://www.coupang.com/np/categories/407569)\n        *   [단스탠드](https://www.coupang.com/np/categories/407570)\n        *   [무드등](https://www.coupang.com/np/categories/407571)\n        *   [줄조명](https://www.coupang.com/np/categories/407572)\n        *   [학생스탠드](https://www.coupang.com/np/categories/407573)\n        *   [북라이트](https://www.coupang.com/np/categories/407574)\n        *   [LED캔들](https://www.coupang.com/np/categories/407575)\n        *   [천장등/벽등](https://www.coupang.com/np/categories/407576)\n        *   [전구/형광등](https://www.coupang.com/np/categories/407583)\n        *   [네온사인](https://www.coupang.com/np/categories/445241)\n        *   [퍽라이트](https://www.coupang.com/np/categories/445242)\n\n    *   [커튼/블라인드](https://www.coupang.com/np/categories/185101)\n\n        *   [커튼](https://www.coupang.com/np/categories/185103)\n        *   [블라인드/쉐이드](https://www.coupang.com/np/categories/185110)\n        *   [롤스크린](https://www.coupang.com/np/categories/185119)\n        *   [버티컬](https://www.coupang.com/np/categories/185120)\n        *   [문발](https://www.coupang.com/np/categories/185121)\n        *   [커튼부자재](https://www.coupang.com/np/categories/185127)\n        *   [난방텐트](https://www.coupang.com/np/categories/185149)\n        *   [모기장/캐노피](https://www.coupang.com/np/categories/185142)\n\n    *   [카페트/쿠션](https://www.coupang.com/np/categories/185150)\n\n        *   [러그/카페트](https://www.coupang.com/np/categories/185152)\n        *   [발매트/주방매트](https://www.coupang.com/np/categories/197131)\n        *   [놀이/다용도매트](https://www.coupang.com/np/categories/185158)\n        *   [원목/대자리](https://www.coupang.com/np/categories/197132)\n        *   [쿠션/방석](https://www.coupang.com/np/categories/400899)\n        *   [거실화](https://www.coupang.com/np/categories/400928)\n        *   [소파패드/커버](https://www.coupang.com/np/categories/400929)\n        *   [가전/가구커버](https://www.coupang.com/np/categories/400932)\n        *   [홈패브릭](https://www.coupang.com/np/categories/400952)\n\n    *   [가구](https://www.coupang.com/np/categories/184557)\n\n        *   [침실가구](https://www.coupang.com/np/categories/184559)\n        *   [드레스룸](https://www.coupang.com/np/categories/434922)\n        *   [거실가구](https://www.coupang.com/np/categories/184621)\n        *   [주방가구](https://www.coupang.com/np/categories/184674)\n        *   [학생/사무용가구](https://www.coupang.com/np/categories/184699)\n        *   [유아동가구](https://www.coupang.com/np/categories/184749)\n        *   [야외가구](https://www.coupang.com/np/categories/184780)\n        *   [수납가구](https://www.coupang.com/np/categories/434961)\n\n    *   [수납/정리](https://www.coupang.com/np/categories/184791)\n\n        *   [행거](https://www.coupang.com/np/categories/184793)\n        *   [옷걸이/도어훅](https://www.coupang.com/np/categories/184799)\n        *   [리빙박스](https://www.coupang.com/np/categories/184805)\n        *   [바구니/바스켓](https://www.coupang.com/np/categories/403222)\n        *   [압축팩/커버](https://www.coupang.com/np/categories/403223)\n        *   [틈새서랍/정리함](https://www.coupang.com/np/categories/184812)\n        *   [선반/정리대](https://www.coupang.com/np/categories/184817)\n        *   [기타정리용품](https://www.coupang.com/np/categories/184823)\n        *   [휴지통](https://www.coupang.com/np/categories/379727)\n\n    *   [침대/매트리스](https://www.coupang.com/np/campaigns/22261) \n    *   [침구](https://www.coupang.com/np/categories/400472)\n\n        *   [이불](https://www.coupang.com/np/categories/400473)\n        *   [요/패드](https://www.coupang.com/np/categories/400481)\n        *   [매트](https://www.coupang.com/np/categories/400491)\n        *   [이불솜/속](https://www.coupang.com/np/categories/400495)\n        *   [침구커버](https://www.coupang.com/np/categories/400501)\n        *   [침구세트](https://www.coupang.com/np/categories/400507)\n        *   [유아동침구](https://www.coupang.com/np/categories/400512)\n        *   [베개](https://www.coupang.com/np/categories/400534)\n        *   [롱쿠션/바디필로우](https://www.coupang.com/np/categories/400543)\n        *   [담요](https://www.coupang.com/np/categories/400546)\n        *   [죽부인](https://www.coupang.com/np/categories/400547)\n        *   [쿨매트](https://www.coupang.com/np/categories/400548)\n        *   [전기/온수매트](https://www.coupang.com/np/categories/400549)\n\n    *   [수예/수선](https://www.coupang.com/np/categories/400554)\n\n        *   [원단](https://www.coupang.com/np/categories/400555)\n        *   [실](https://www.coupang.com/np/categories/400562)\n        *   [바늘](https://www.coupang.com/np/categories/400572)\n        *   [반짇고리세트](https://www.coupang.com/np/categories/400586)\n        *   [재봉틀 용품](https://www.coupang.com/np/categories/400587)\n        *   [수선/재단도구](https://www.coupang.com/np/categories/400596)\n        *   [단추/레이스](https://www.coupang.com/np/categories/400620)\n        *   [장식/부자재](https://www.coupang.com/np/categories/400637)\n        *   [솜/보충재](https://www.coupang.com/np/categories/400654)\n        *   [뜨개질용품](https://www.coupang.com/np/categories/400663)\n        *   [자수/십자수](https://www.coupang.com/np/categories/400677)\n        *   [가죽공예](https://www.coupang.com/np/categories/400703)\n        *   [퀼트](https://www.coupang.com/np/categories/400748)\n        *   [더보기](https://www.coupang.com/np/categories/400554)\n\n    *   [공구/철물/DIY](https://www.coupang.com/np/categories/510113)\n\n        *   [전동/정밀공구](https://www.coupang.com/np/categories/510114)\n        *   [수공구/절단도구](https://www.coupang.com/np/categories/510126)\n        *   [공구함](https://www.coupang.com/np/categories/510142)\n        *   [측정/측량도구](https://www.coupang.com/np/categories/510143)\n        *   [배관/건축자재](https://www.coupang.com/np/categories/510155)\n        *   [사다리/운반용품](https://www.coupang.com/np/categories/510179)\n        *   [모터/에어공구](https://www.coupang.com/np/categories/510184)\n        *   [나사/못/체결도구](https://www.coupang.com/np/categories/510193)\n        *   [접착/보수용품](https://www.coupang.com/np/categories/510203)\n        *   [토치/용접공구](https://www.coupang.com/np/categories/510216)\n        *   [페인트/도구](https://www.coupang.com/np/categories/510222)\n\n    *   [생활전기용품](https://www.coupang.com/np/categories/510083)\n\n        *   [멀티탭/연장선](https://www.coupang.com/np/categories/510084)\n        *   [전구/램프](https://www.coupang.com/np/categories/510089)\n        *   [조명기구/부속](https://www.coupang.com/np/categories/510096)\n        *   [건전지/배터리](https://www.coupang.com/np/categories/510106)\n\n    *   [청소/세탁용품](https://www.coupang.com/np/categories/510332)\n\n        *   [청소용품](https://www.coupang.com/np/categories/510333)\n        *   [밀대/청소포](https://www.coupang.com/np/categories/510345)\n        *   [빨래건조대](https://www.coupang.com/np/categories/510349)\n        *   [빨래용품](https://www.coupang.com/np/categories/510350)\n        *   [휴지통](https://www.coupang.com/np/categories/510354)\n        *   [분리수거함](https://www.coupang.com/np/categories/510355)\n        *   [먼지제거/클리너](https://www.coupang.com/np/categories/510358)\n        *   [세탁/다림용품](https://www.coupang.com/np/categories/510364)\n\n    *   [더보기](https://www.coupang.com/np/categories/184555)\n\n[홈인테리어](https://www.coupang.com/np/campaigns/6733 \"홈인테리어\")![Image 26: 홈인테리어](https://pages.coupang.com/p/136938)\n\n*   [가전디지털](https://www.coupang.com/np/categories/178255)\n\n    *   [TV/영상가전](https://www.coupang.com/np/categories/178454)\n\n        *   [TV](https://www.coupang.com/np/categories/178456)\n        *   [미러링/스트리밍](https://www.coupang.com/np/categories/509601)\n        *   [TV 액세서리](https://www.coupang.com/np/categories/178462)\n        *   [블루레이/DVD/DivX](https://www.coupang.com/np/categories/178475)\n        *   [빔/프로젝터/스크린](https://www.coupang.com/np/categories/178481)\n\n    *   [냉장고](https://www.coupang.com/np/categories/403245)\n\n        *   [3/4도어냉장고](https://www.coupang.com/np/categories/403246)\n        *   [2도어 냉장고](https://www.coupang.com/np/categories/403247)\n        *   [1도어 냉장고](https://www.coupang.com/np/categories/403248)\n        *   [미니냉장고](https://www.coupang.com/np/categories/403249)\n        *   [김치냉장고](https://www.coupang.com/np/categories/403250)\n        *   [냉동고](https://www.coupang.com/np/categories/403251)\n        *   [전용냉장고](https://www.coupang.com/np/categories/403252)\n\n    *   [세탁기/건조기](https://www.coupang.com/np/categories/486733)\n\n        *   [세탁기건조기세트](https://www.coupang.com/np/categories/509624)\n        *   [세탁기](https://www.coupang.com/np/categories/486734)\n        *   [건조기](https://www.coupang.com/np/categories/486735)\n        *   [의류관리기](https://www.coupang.com/np/categories/486736)\n        *   [신발건조기](https://www.coupang.com/np/categories/486737)\n        *   [탈수기](https://www.coupang.com/np/categories/486738)\n        *   [액세서리](https://www.coupang.com/np/categories/486739)\n\n    *   [생활가전](https://www.coupang.com/np/categories/178627)\n\n        *   [공기청정기](https://www.coupang.com/np/categories/178663)\n        *   [다리미/재봉/보풀](https://www.coupang.com/np/categories/178658)\n        *   [도어록/비디오폰](https://www.coupang.com/np/categories/178667)\n        *   [비데/온수기](https://www.coupang.com/np/categories/178673)\n        *   [전동칫솔/살균기](https://www.coupang.com/np/categories/178685)\n        *   [학습용 스탠드](https://www.coupang.com/np/categories/178702)\n        *   [전화기/무전기](https://www.coupang.com/np/categories/178703)\n\n    *   [청소기](https://www.coupang.com/np/categories/413352)\n\n        *   [먼지비움청소기](https://www.coupang.com/np/campaigns/17009)\n        *   [스틱청소기](https://www.coupang.com/np/categories/413353)\n        *   [진공청소기](https://www.coupang.com/np/categories/413354)\n        *   [로봇청소기](https://www.coupang.com/np/categories/413355)\n        *   [물걸레청소기](https://www.coupang.com/np/categories/413356)\n        *   [침구청소기](https://www.coupang.com/np/categories/413357)\n        *   [핸디청소기](https://www.coupang.com/np/categories/413358)\n        *   [스팀청소기](https://www.coupang.com/np/categories/413359)\n        *   [차량용청소기](https://www.coupang.com/np/categories/413360)\n        *   [업소용청소기](https://www.coupang.com/np/categories/413361)\n        *   [필터/액세서리](https://www.coupang.com/np/categories/413362)\n\n    *   [계절가전](https://www.coupang.com/np/categories/227812)\n\n        *   [공기청정기](https://www.coupang.com/np/categories/238887)\n        *   [선풍기](https://www.coupang.com/np/categories/388046)\n        *   [에어컨](https://www.coupang.com/np/categories/227820)\n        *   [제습기](https://www.coupang.com/np/categories/238886)\n        *   [서큘레이터](https://www.coupang.com/np/categories/306335)\n        *   [냉풍기](https://www.coupang.com/np/categories/388055)\n        *   [건조기/탈수기](https://www.coupang.com/np/categories/227847)\n        *   [모기/해충 퇴치기](https://www.coupang.com/np/categories/227853)\n        *   [가습기/에어워셔](https://www.coupang.com/np/categories/247567)\n        *   [전기요/매트](https://www.coupang.com/np/categories/247548)\n        *   [냉온수매트](https://www.coupang.com/np/categories/228864)\n        *   [히터/온풍기](https://www.coupang.com/np/categories/247553)\n        *   [손난로/발난로](https://www.coupang.com/np/categories/247564)\n\n    *   [뷰티/헤어가전](https://www.coupang.com/np/categories/333478)\n\n        *   [헤어드라이어](https://www.coupang.com/np/categories/486670)\n        *   [고데기/매직기](https://www.coupang.com/np/categories/486673)\n        *   [헤어스타일러](https://www.coupang.com/np/categories/333479)\n        *   [두피/헤어관리](https://www.coupang.com/np/categories/333492)\n        *   [피부관리기기](https://www.coupang.com/np/categories/333496)\n        *   [면도기/이발기](https://www.coupang.com/np/categories/333519)\n        *   [제모기](https://www.coupang.com/np/categories/333522)\n        *   [눈썹/네일관리](https://www.coupang.com/np/categories/333527)\n\n    *   [건강가전](https://www.coupang.com/np/categories/178713)\n\n        *   [안마의자](https://www.coupang.com/np/categories/509621)\n        *   [안마/찜질기](https://www.coupang.com/np/categories/178715)\n        *   [전동칫솔/구강가전](https://www.coupang.com/np/categories/178722)\n        *   [비데](https://www.coupang.com/np/categories/178739)\n        *   [건강측정/의료기](https://www.coupang.com/np/categories/178744)\n        *   [살균/소독기](https://www.coupang.com/np/categories/466380)\n        *   [손건조기/소독기](https://www.coupang.com/np/categories/178751)\n\n    *   [주방가전](https://www.coupang.com/np/categories/445736)\n\n        *   [전기밥솥](https://www.coupang.com/np/categories/445737)\n        *   [전자레인지](https://www.coupang.com/np/categories/445743)\n        *   [오븐](https://www.coupang.com/np/categories/445744)\n        *   [가스레인지](https://www.coupang.com/np/categories/445747)\n        *   [전기레인지](https://www.coupang.com/np/categories/445748)\n        *   [식기세척/건조기](https://www.coupang.com/np/categories/445753)\n        *   [믹서기/블렌더](https://www.coupang.com/np/categories/445758)\n        *   [커피메이커/머신](https://www.coupang.com/np/categories/445770)\n        *   [빙수기/제빙기](https://www.coupang.com/np/categories/445779)\n        *   [전기포트](https://www.coupang.com/np/categories/445784)\n        *   [에어프라이어](https://www.coupang.com/np/categories/510536)\n        *   [튀김기](https://www.coupang.com/np/categories/465013)\n        *   [토스터](https://www.coupang.com/np/categories/445793)\n        *   [더보기](https://www.coupang.com/np/categories/445736)\n\n    *   [노트북](https://www.coupang.com/np/categories/497135) \n    *   [데스크탑](https://www.coupang.com/np/categories/497136)\n\n        *   [브랜드PC](https://www.coupang.com/np/categories/497137)\n        *   [일체형PC](https://www.coupang.com/np/categories/497138)\n        *   [조립PC](https://www.coupang.com/np/categories/497139)\n        *   [미니PC](https://www.coupang.com/np/categories/497140)\n\n    *   [모니터](https://www.coupang.com/np/categories/510541)\n\n        *   [일반 모니터](https://www.coupang.com/np/categories/510542)\n        *   [휴대용 모니터](https://www.coupang.com/np/campaigns/19498)\n        *   [스마트 모니터](https://www.coupang.com/np/campaigns/19500)\n        *   [게이밍 모니터](https://www.coupang.com/np/campaigns/19496)\n\n    *   [휴대폰](https://www.coupang.com/np/categories/497244) \n    *   [태블릿PC](https://www.coupang.com/np/categories/497245)\n\n        *   [태블릿PC](https://www.coupang.com/np/categories/497246)\n        *   [액세서리](https://www.coupang.com/np/categories/497247)\n\n    *   [스마트워치/밴드](https://www.coupang.com/np/categories/497252)\n\n        *   [스마트워치](https://www.coupang.com/np/categories/497253)\n        *   [스마트밴드](https://www.coupang.com/np/categories/497254)\n        *   [스마트링](https://www.coupang.com/np/categories/565335)\n        *   [액세서리](https://www.coupang.com/np/categories/503019)\n\n    *   [게임](https://www.coupang.com/np/categories/395267)\n\n        *   [게이밍노트북](https://www.coupang.com/np/campaigns/1366)\n        *   [게이밍데스크탑](https://www.coupang.com/np/campaigns/1596)\n        *   [게이밍모니터](https://www.coupang.com/np/campaigns/1391)\n        *   [마우스/키보드/헤드셋](https://www.coupang.com/np/categories/395274)\n        *   [그래픽카드/메인보드](https://www.coupang.com/np/categories/395288)\n        *   [PC타이틀/주변기기](https://www.coupang.com/np/categories/395291)\n        *   [플레이스테이션](https://www.coupang.com/np/categories/395299)\n        *   [닌텐도](https://www.coupang.com/np/categories/395306)\n        *   [XBOX](https://www.coupang.com/np/categories/395311)\n        *   [레트로/기타게임](https://www.coupang.com/np/categories/395322)\n        *   [휴대폰게임](https://www.coupang.com/np/categories/395326)\n\n    *   [더보기](https://www.coupang.com/np/categories/178255)\n\n[가전디지털](https://pages.coupang.com/p/155289?sourceType=gm_crm_oms&subSourceType=gm_crm_rblbnr \"가전디지털\")![Image 27: 가전디지털](https://pages.coupang.com/p/136938)\n\n*   [스포츠/레저](https://www.coupang.com/np/categories/317778)\n\n    *   [캠핑전문관](https://www.coupang.com/np/categories/328790)\n\n        *   [백패킹](https://www.coupang.com/np/campaigns/350)\n        *   [미니멀캠핑](https://www.coupang.com/np/campaigns/348)\n        *   [오토캠핑](https://www.coupang.com/np/campaigns/351)\n        *   [먹거리](https://www.coupang.com/np/campaigns/349)\n        *   [텐트](https://www.coupang.com/np/categories/328791)\n        *   [타프/그늘막](https://www.coupang.com/np/categories/328798)\n        *   [텐트/타프 부품](https://www.coupang.com/np/categories/328807)\n        *   [의자/테이블](https://www.coupang.com/np/categories/328821)\n        *   [침낭/매트/해먹](https://www.coupang.com/np/categories/328828)\n        *   [캠핑주방용품](https://www.coupang.com/np/categories/328860)\n        *   [수납/정리소품](https://www.coupang.com/np/categories/328852)\n        *   [랜턴/조명](https://www.coupang.com/np/categories/328846)\n        *   [캠핑공구](https://www.coupang.com/np/categories/328907)\n        *   [더보기](https://www.coupang.com/np/categories/328790)\n\n    *   [홈트레이닝](https://www.coupang.com/np/categories/413812)\n\n        *   [스트레칭/마사지](https://www.coupang.com/np/categories/413813)\n        *   [유산소](https://www.coupang.com/np/categories/413821)\n        *   [근력](https://www.coupang.com/np/categories/413828)\n        *   [보호대/체중계](https://www.coupang.com/np/categories/413837)\n\n    *   [헬스/요가/댄스](https://www.coupang.com/np/categories/329225)\n\n        *   [요가/필라테스](https://www.coupang.com/np/categories/329226)\n        *   [요가복](https://www.coupang.com/np/categories/329240)\n        *   [근력운동](https://www.coupang.com/np/categories/329251)\n        *   [유산소운동](https://www.coupang.com/np/categories/329279)\n        *   [스트레칭/균형](https://www.coupang.com/np/categories/329294)\n        *   [댄스/에어로빅](https://www.coupang.com/np/categories/329302)\n        *   [헬스소품/보호대](https://www.coupang.com/np/categories/329323)\n        *   [운동측정용품](https://www.coupang.com/np/categories/329334)\n        *   [부위별 운동용품](https://www.coupang.com/np/categories/376475)\n        *   [헬스보충식품](https://www.coupang.com/np/categories/427699)\n\n    *   [수영/수상스포츠](https://www.coupang.com/np/categories/421032)\n\n        *   [실내 수영복](https://www.coupang.com/np/categories/421033)\n        *   [비치웨어/래쉬가드](https://www.coupang.com/np/categories/421045)\n        *   [수영용품](https://www.coupang.com/np/categories/421070)\n        *   [물놀이용품](https://www.coupang.com/np/categories/421087)\n        *   [아쿠아슈즈](https://www.coupang.com/np/categories/421110)\n        *   [스노클링/다이빙](https://www.coupang.com/np/categories/421113)\n        *   [서핑/수상스키](https://www.coupang.com/np/categories/421136)\n        *   [고무보트/카누](https://www.coupang.com/np/categories/421143)\n\n    *   [구기스포츠](https://www.coupang.com/np/categories/329515)\n\n        *   [축구](https://www.coupang.com/np/categories/329516)\n        *   [야구](https://www.coupang.com/np/categories/329546)\n        *   [농구](https://www.coupang.com/np/categories/329582)\n        *   [배구/피구/족구](https://www.coupang.com/np/categories/329597)\n        *   [볼링](https://www.coupang.com/np/categories/329614)\n        *   [당구/포켓볼](https://www.coupang.com/np/categories/329625)\n        *   [기타 구기스포츠](https://www.coupang.com/np/categories/329690)\n        *   [훈련/연습용품](https://www.coupang.com/np/categories/405207)\n        *   [심판의류/용품](https://www.coupang.com/np/categories/329712)\n\n    *   [라켓스포츠](https://www.coupang.com/np/categories/400957)\n\n        *   [배드민턴](https://www.coupang.com/np/categories/400958)\n        *   [테니스](https://www.coupang.com/np/categories/400971)\n        *   [스쿼시](https://www.coupang.com/np/categories/400989)\n        *   [탁구](https://www.coupang.com/np/categories/400996)\n        *   [기타 라켓스포츠](https://www.coupang.com/np/categories/401013)\n        *   [훈련/연습용품](https://www.coupang.com/np/categories/401014)\n        *   [심판의류/용품](https://www.coupang.com/np/categories/401018)\n\n    *   [자전거](https://www.coupang.com/np/categories/329040)\n\n        *   [자전거](https://www.coupang.com/np/categories/396896)\n        *   [보호장비](https://www.coupang.com/np/categories/329058)\n        *   [자전거 악세서리](https://www.coupang.com/np/categories/329063)\n        *   [자전거부품](https://www.coupang.com/np/categories/329132)\n        *   [자전거의류](https://www.coupang.com/np/categories/396912)\n        *   [자전거장갑/잡화](https://www.coupang.com/np/categories/329122)\n        *   [자전거가방/수납](https://www.coupang.com/np/categories/329111)\n        *   [자전거신발](https://www.coupang.com/np/categories/329105)\n        *   [정비용품](https://www.coupang.com/np/categories/329183)\n        *   [거치대/트레이너](https://www.coupang.com/np/categories/329176)\n\n    *   [킥보드/스케이트](https://www.coupang.com/np/categories/329189)\n\n        *   [킥보드/트라이더](https://www.coupang.com/np/categories/329190)\n        *   [전동휠/보드](https://www.coupang.com/np/categories/329198)\n        *   [스케이트보드](https://www.coupang.com/np/categories/329202)\n        *   [인라인스케이트](https://www.coupang.com/np/categories/329215)\n        *   [보호장비](https://www.coupang.com/np/categories/329222)\n\n    *   [등산/아웃도어](https://www.coupang.com/np/categories/431783)\n\n        *   [남성등산의류](https://www.coupang.com/np/categories/431784)\n        *   [여성등산의류](https://www.coupang.com/np/categories/431794)\n        *   [유아동등산의류](https://www.coupang.com/np/categories/431806)\n        *   [등산배낭/소품](https://www.coupang.com/np/categories/431811)\n        *   [등산스틱](https://www.coupang.com/np/categories/431821)\n        *   [등산화/아이젠](https://www.coupang.com/np/categories/431823)\n        *   [등산모자/잡화](https://www.coupang.com/np/categories/431920)\n        *   [등산용품/랜턴](https://www.coupang.com/np/categories/431848)\n        *   [나침반/망원경](https://www.coupang.com/np/categories/431861)\n        *   [암벽/등반 장비](https://www.coupang.com/np/categories/431865)\n        *   [빙벽/겨울용품](https://www.coupang.com/np/categories/431886)\n\n    *   [낚시](https://www.coupang.com/np/categories/329372)\n\n        *   [바다낚시](https://www.coupang.com/np/categories/329373)\n        *   [민물낚시](https://www.coupang.com/np/categories/329399)\n        *   [낚싯대](https://www.coupang.com/np/categories/329425)\n        *   [낚시릴](https://www.coupang.com/np/categories/329434)\n        *   [줄/바늘/채비](https://www.coupang.com/np/categories/329444)\n        *   [미끼/떡밥/루어](https://www.coupang.com/np/categories/329455)\n        *   [낚시 가방/잡화](https://www.coupang.com/np/categories/329463)\n        *   [낚시복/장화](https://www.coupang.com/np/categories/329472)\n        *   [낚시장비/그물](https://www.coupang.com/np/categories/329478)\n        *   [낚시공구/소품](https://www.coupang.com/np/categories/329494)\n        *   [좌대/야외용품](https://www.coupang.com/np/categories/329508)\n\n    *   [골프](https://www.coupang.com/np/categories/328930)\n\n        *   [골프클럽](https://www.coupang.com/np/categories/328931)\n        *   [골프백](https://www.coupang.com/np/categories/328946)\n        *   [피팅/관리용품](https://www.coupang.com/np/categories/328940)\n        *   [골프웨어](https://www.coupang.com/np/categories/429690)\n        *   [골프장갑/잡화](https://www.coupang.com/np/categories/328995)\n        *   [골프화](https://www.coupang.com/np/categories/328990)\n        *   [골프공](https://www.coupang.com/np/categories/329012)\n        *   [필드용품](https://www.coupang.com/np/categories/329013)\n        *   [연습용품](https://www.coupang.com/np/categories/329028)\n\n    *   [스포츠잡화](https://www.coupang.com/np/categories/328637)\n\n        *   [가방/파우치](https://www.coupang.com/np/categories/328638)\n        *   [모자](https://www.coupang.com/np/categories/328646)\n        *   [고글/선글라스](https://www.coupang.com/np/categories/328647)\n        *   [장갑](https://www.coupang.com/np/categories/328648)\n        *   [양말/타이즈](https://www.coupang.com/np/categories/328649)\n        *   [팔토시/워머](https://www.coupang.com/np/categories/328650)\n        *   [스카프/넥워머](https://www.coupang.com/np/categories/328651)\n        *   [보호대/아대](https://www.coupang.com/np/categories/328655)\n        *   [시계](https://www.coupang.com/np/categories/328658)\n        *   [벨트](https://www.coupang.com/np/categories/328659)\n        *   [안전밴드](https://www.coupang.com/np/categories/328660)\n        *   [액세서리 기타](https://www.coupang.com/np/categories/328661)\n\n    *   [복싱/검도/태권도](https://www.coupang.com/np/categories/329726)\n\n        *   [복싱/격투기](https://www.coupang.com/np/categories/329741)\n        *   [검도](https://www.coupang.com/np/categories/329727)\n        *   [태권도](https://www.coupang.com/np/categories/329734)\n        *   [쌍절곤/기타무술](https://www.coupang.com/np/categories/329752)\n\n    *   [스포츠신발](https://www.coupang.com/np/categories/328601)\n\n        *   [런닝화/운동화](https://www.coupang.com/np/categories/328602)\n        *   [샌들/슬리퍼](https://www.coupang.com/np/categories/328605)\n        *   [아쿠아슈즈](https://www.coupang.com/np/categories/328608)\n        *   [등산화](https://www.coupang.com/np/categories/328609)\n        *   [골프화](https://www.coupang.com/np/categories/328615)\n        *   [축구화](https://www.coupang.com/np/categories/328616)\n        *   [야구화](https://www.coupang.com/np/categories/328617)\n        *   [농구화](https://www.coupang.com/np/categories/328618)\n        *   [배구화](https://www.coupang.com/np/categories/328619)\n        *   [족구화](https://www.coupang.com/np/categories/328620)\n        *   [볼링화](https://www.coupang.com/np/categories/328621)\n        *   [배드민턴화](https://www.coupang.com/np/categories/328622)\n        *   [테니스화](https://www.coupang.com/np/categories/328623)\n        *   [더보기](https://www.coupang.com/np/categories/328601)\n\n    *   [남성스포츠의류](https://www.coupang.com/np/categories/328339)\n\n        *   [속옷/언더레이어](https://www.coupang.com/np/categories/328340)\n        *   [스포츠 티셔츠](https://www.coupang.com/np/categories/328343)\n        *   [스포츠 자켓/집업](https://www.coupang.com/np/categories/328346)\n        *   [스포츠 바지/하의](https://www.coupang.com/np/categories/328352)\n        *   [상하의 세트](https://www.coupang.com/np/categories/328355)\n        *   [골프의류](https://www.coupang.com/np/categories/328356)\n        *   [등산의류](https://www.coupang.com/np/categories/328365)\n        *   [자전거의류](https://www.coupang.com/np/categories/328375)\n        *   [수영복/래쉬가드](https://www.coupang.com/np/categories/328384)\n        *   [스키/보드복](https://www.coupang.com/np/categories/328393)\n        *   [축구복](https://www.coupang.com/np/categories/328402)\n        *   [야구복](https://www.coupang.com/np/categories/328409)\n        *   [배드민턴복](https://www.coupang.com/np/categories/328415)\n        *   [더보기](https://www.coupang.com/np/categories/328339)\n\n    *   [여성스포츠의류](https://www.coupang.com/np/categories/328435)\n\n        *   [속옷/언더레이어](https://www.coupang.com/np/categories/328436)\n        *   [스포츠 티셔츠](https://www.coupang.com/np/categories/328440)\n        *   [스포츠 자켓/집업](https://www.coupang.com/np/categories/328443)\n        *   [스포츠 바지/하의](https://www.coupang.com/np/categories/328449)\n        *   [상하의 세트](https://www.coupang.com/np/categories/328454)\n        *   [요가복](https://www.coupang.com/np/categories/328455)\n        *   [골프의류](https://www.coupang.com/np/categories/328463)\n        *   [등산의류](https://www.coupang.com/np/categories/328474)\n        *   [자전거의류](https://www.coupang.com/np/categories/328486)\n        *   [수영복/래쉬가드](https://www.coupang.com/np/categories/328495)\n        *   [스키/보드복](https://www.coupang.com/np/categories/328505)\n        *   [발레복](https://www.coupang.com/np/categories/328514)\n        *   [배드민턴](https://www.coupang.com/np/categories/328515)\n        *   [더보기](https://www.coupang.com/np/categories/328435)\n\n    *   [더보기](https://www.coupang.com/np/categories/317778)\n\n[스포츠/레저](http://www.coupang.com/mlp/web/mlp-landing-page?landingId=2401&subSourceType=gm_crm_cpnlink \"스포츠/레저\")![Image 28: 스포츠/레저](https://pages.coupang.com/p/136938)\n\n*   [자동차용품](https://www.coupang.com/np/categories/184060)\n\n    *   [전문 브랜드관](https://www.coupang.com/np/campaigns/22056) \n    *   [겨울철 차량관리](https://www.coupang.com/np/categories/409304)\n\n        *   [핸들커버](https://www.coupang.com/np/campaigns/3081)\n        *   [시트/방석](https://www.coupang.com/np/categories/435560)\n        *   [스노우체인/타이어](https://www.coupang.com/np/categories/409305)\n        *   [부동액/배터리용품](https://www.coupang.com/np/categories/409324)\n        *   [성에/정전기방지](https://www.coupang.com/np/categories/409308)\n        *   [공기청정기/가습기](https://www.coupang.com/np/categories/409319)\n\n    *   [인테리어](https://www.coupang.com/np/categories/401027)\n\n        *   [방향제/공기청정](https://www.coupang.com/np/categories/401028)\n        *   [바닥매트/트렁크매트](https://www.coupang.com/np/categories/497870)\n        *   [시트/쿠션](https://www.coupang.com/np/categories/401035)\n        *   [차박매트](https://www.coupang.com/np/categories/497873)\n        *   [핸들용품](https://www.coupang.com/np/categories/401045)\n        *   [커버/몰딩](https://www.coupang.com/np/categories/497877)\n        *   [수납/정리용품](https://www.coupang.com/np/categories/401049)\n        *   [편의용품/액세서리](https://www.coupang.com/np/categories/486490)\n        *   [햇빛가리개/썬팅](https://www.coupang.com/np/categories/503231)\n        *   [기어용품](https://www.coupang.com/np/categories/564372)\n\n    *   [익스테리어](https://www.coupang.com/np/categories/401098)\n\n        *   [스티커/앰블럼](https://www.coupang.com/np/categories/401103)\n        *   [문콕방지/몰딩](https://www.coupang.com/np/categories/401106)\n        *   [썬바이저](https://www.coupang.com/np/categories/401115)\n        *   [번호판스티커/프레임](https://www.coupang.com/np/categories/401123)\n        *   [안테나/볼](https://www.coupang.com/np/categories/401120)\n        *   [루프/캐리어용품](https://www.coupang.com/np/categories/401117)\n        *   [미러용품](https://www.coupang.com/np/categories/503239)\n        *   [주유구캡/혼유방지링](https://www.coupang.com/np/categories/503240)\n\n    *   [세차/카케어](https://www.coupang.com/np/categories/401394)\n\n        *   [세차용품세트](https://www.coupang.com/np/categories/401395)\n        *   [카샴푸/세정제](https://www.coupang.com/np/categories/401396)\n        *   [타월/스펀지](https://www.coupang.com/np/categories/401401)\n        *   [세차호스/거품분사기](https://www.coupang.com/np/categories/401413)\n        *   [세차박스/스텝박스](https://www.coupang.com/np/categories/401416)\n        *   [물왁스/퀵디테일러](https://www.coupang.com/np/categories/401412)\n        *   [차량용청소기](https://www.coupang.com/np/categories/401410)\n        *   [먼지털이개](https://www.coupang.com/np/categories/401406)\n        *   [유리발수코팅제](https://www.coupang.com/np/categories/503250)\n        *   [실내세정제](https://www.coupang.com/np/categories/503251)\n        *   [흠집제거/복원](https://www.coupang.com/np/categories/503252)\n        *   [광택](https://www.coupang.com/np/categories/503260)\n        *   [바디커버](https://www.coupang.com/np/categories/503267)\n        *   [더보기](https://www.coupang.com/np/categories/401394)\n\n    *   [차량용 전자기기](https://www.coupang.com/np/categories/401207)\n\n        *   [HUD/계기판](https://www.coupang.com/np/categories/503299)\n        *   [무선충전 거치대](https://www.coupang.com/np/categories/497774)\n        *   [일반거치대](https://www.coupang.com/np/categories/497775)\n        *   [차량용충전기](https://www.coupang.com/np/categories/401212)\n        *   [멀티소켓](https://www.coupang.com/np/categories/401225)\n        *   [블랙박스](https://www.coupang.com/np/categories/401214)\n        *   [하이패스](https://www.coupang.com/np/categories/401217)\n        *   [내비게이션](https://www.coupang.com/np/categories/401220)\n        *   [후방카메라/감지기](https://www.coupang.com/np/categories/401226)\n        *   [음향기기/AV](https://www.coupang.com/np/categories/401229)\n        *   [차량용가전](https://www.coupang.com/np/categories/487217)\n        *   [전기차 충전기/악세서리](https://www.coupang.com/np/categories/510523)\n        *   [카플레이/안드로이드오토](https://www.coupang.com/np/categories/564318)\n\n    *   [RV/아웃도어](https://www.coupang.com/np/categories/503300)\n\n        *   [캠핑용품](https://www.coupang.com/np/categories/503301)\n        *   [차박매트](https://www.coupang.com/np/categories/503306)\n        *   [인버터/멀티소켓](https://www.coupang.com/np/categories/503307)\n        *   [루프/캐리어용품](https://www.coupang.com/np/categories/503310)\n\n    *   [차량관리/소모품](https://www.coupang.com/np/categories/486447)\n\n        *   [와이퍼](https://www.coupang.com/np/categories/503246)\n        *   [워셔액](https://www.coupang.com/np/categories/486448)\n        *   [에어컨필터](https://www.coupang.com/np/categories/486449)\n        *   [엔진오일](https://www.coupang.com/np/categories/497749)\n        *   [첨가제](https://www.coupang.com/np/categories/497753)\n        *   [냉각수/부동액](https://www.coupang.com/np/categories/497759)\n        *   [요소수](https://www.coupang.com/np/categories/509507)\n        *   [초순수/정제수](https://www.coupang.com/np/categories/509508)\n        *   [기타 오일/필터](https://www.coupang.com/np/categories/497767)\n        *   [점프스타터](https://www.coupang.com/np/categories/497760)\n        *   [배터리용품](https://www.coupang.com/np/categories/497761)\n        *   [타이어/휠](https://www.coupang.com/np/categories/503268)\n        *   [스노우체인](https://www.coupang.com/np/categories/503284)\n        *   [더보기](https://www.coupang.com/np/categories/486447)\n\n    *   [오토바이용품](https://www.coupang.com/np/categories/401438)\n\n        *   [오토바이/스쿠터](https://www.coupang.com/np/categories/401439)\n        *   [헬멧/고글](https://www.coupang.com/np/categories/401443)\n        *   [오토바이의류](https://www.coupang.com/np/categories/401447)\n        *   [오토바이장갑](https://www.coupang.com/np/categories/497791)\n        *   [오토바이부츠/잡화](https://www.coupang.com/np/categories/497794)\n        *   [오토바이보호장비](https://www.coupang.com/np/categories/401462)\n        *   [배달가방/탑박스](https://www.coupang.com/np/categories/497799)\n        *   [오토바이액세서리](https://www.coupang.com/np/categories/503368)\n        *   [오토바이부품/튜닝/정비](https://www.coupang.com/np/categories/401472)\n        *   [오토바이전자기기](https://www.coupang.com/np/categories/401484)\n\n    *   [부품/안전/공구](https://www.coupang.com/np/categories/497290)\n\n        *   [정전기방지용품](https://www.coupang.com/np/categories/497308)\n        *   [안전삼각대/소화기](https://www.coupang.com/np/categories/497309)\n        *   [방음재](https://www.coupang.com/np/categories/503314)\n        *   [차량용리프트](https://www.coupang.com/np/categories/503317)\n        *   [고임목/버팀목](https://www.coupang.com/np/categories/503318)\n        *   [카본/레자시트지](https://www.coupang.com/np/categories/503319)\n        *   [차량용접착제/테이프](https://www.coupang.com/np/categories/503320)\n        *   [차량용공구/장비](https://www.coupang.com/np/categories/503321)\n        *   [부품/튜닝용품](https://www.coupang.com/np/categories/503322)\n        *   [전기용품](https://www.coupang.com/np/categories/503364)\n\n    *   [로켓설치 타이어](https://www.coupang.com/np/campaigns/10884) \n\n[자동차용품](https://www.coupang.com/np/siteWideEvent?mlpPageId=2496&subSourceType=gm_crm_rblbnr \"자동차용품\")![Image 29: 자동차용품](https://pages.coupang.com/p/136938)\n\n*   [도서/음반/DVD](https://www.coupang.com/np/categories/317777)\n\n    *   [유아/어린이](https://www.coupang.com/np/categories/329984)\n\n        *   [그림책](https://www.coupang.com/np/categories/329985)\n        *   [어린이 문학](https://www.coupang.com/np/categories/329996)\n        *   [초점책/영아책](https://www.coupang.com/np/categories/330004)\n        *   [놀이책/토이북](https://www.coupang.com/np/categories/330008)\n        *   [학습/교양](https://www.coupang.com/np/categories/330019)\n        *   [만화/애니메이션](https://www.coupang.com/np/categories/330078)\n        *   [전집/세트](https://www.coupang.com/np/categories/330084)\n        *   [어린이 잡지](https://www.coupang.com/np/categories/330099)\n        *   [유아동 해외도서](https://www.coupang.com/np/categories/365590)\n        *   [음반/DVD](https://www.coupang.com/np/categories/365867)\n        *   [누리과정 주제](https://www.coupang.com/np/categories/371605)\n        *   [교과서수록도서](https://www.coupang.com/np/categories/371611)\n        *   [STEAM도서](https://www.coupang.com/np/categories/374080)\n\n    *   [소설/에세이/시](https://www.coupang.com/np/categories/330184)\n\n        *   [소설](https://www.coupang.com/np/categories/330185)\n        *   [장르소설](https://www.coupang.com/np/categories/330201)\n        *   [테마소설](https://www.coupang.com/np/categories/330211)\n        *   [고전문학/신화](https://www.coupang.com/np/categories/330239)\n        *   [문학전집](https://www.coupang.com/np/categories/330253)\n        *   [에세이](https://www.coupang.com/np/categories/330216)\n        *   [시](https://www.coupang.com/np/categories/330233)\n        *   [희곡/시나리오](https://www.coupang.com/np/categories/330238)\n        *   [문학잡지](https://www.coupang.com/np/categories/330254)\n\n    *   [초중고참고서](https://www.coupang.com/np/categories/331062)\n\n        *   [초등학생](https://www.coupang.com/np/categories/331064)\n        *   [중학생](https://www.coupang.com/np/categories/331076)\n        *   [고등학생](https://www.coupang.com/np/categories/331085)\n\n    *   [가정 살림](https://www.coupang.com/np/categories/330112)\n\n        *   [요리](https://www.coupang.com/np/categories/330113)\n        *   [임신/출산/태교](https://www.coupang.com/np/categories/330147)\n        *   [결혼/가족](https://www.coupang.com/np/categories/330152)\n        *   [육아/교육](https://www.coupang.com/np/categories/330157)\n        *   [자녀 학습/학교](https://www.coupang.com/np/categories/330165)\n        *   [살림/정리수납](https://www.coupang.com/np/categories/330174)\n        *   [집/인테리어](https://www.coupang.com/np/categories/330178)\n        *   [원예/조경/텃밭](https://www.coupang.com/np/categories/330183)\n\n    *   [건강 취미](https://www.coupang.com/np/categories/330320)\n\n        *   [다이어트/미용](https://www.coupang.com/np/categories/330321)\n        *   [요가/체조/기타](https://www.coupang.com/np/categories/330324)\n        *   [스포츠/오락](https://www.coupang.com/np/categories/330325)\n        *   [등산/낚시/바둑](https://www.coupang.com/np/categories/330332)\n        *   [건강정보](https://www.coupang.com/np/categories/330333)\n        *   [의학/약학](https://www.coupang.com/np/categories/330337)\n        *   [질병과 치료법](https://www.coupang.com/np/categories/330338)\n        *   [한의학/한방치료](https://www.coupang.com/np/categories/330354)\n        *   [컬러링북](https://www.coupang.com/np/categories/330355)\n        *   [공예/DIY](https://www.coupang.com/np/categories/330356)\n        *   [원예](https://www.coupang.com/np/categories/330364)\n        *   [패션/뷰티](https://www.coupang.com/np/categories/330365)\n        *   [퍼즐/스도쿠](https://www.coupang.com/np/categories/330371)\n        *   [더보기](https://www.coupang.com/np/categories/330320)\n\n    *   [경제 경영](https://www.coupang.com/np/categories/330255)\n\n        *   [경제](https://www.coupang.com/np/categories/330256)\n        *   [경영](https://www.coupang.com/np/categories/330265)\n        *   [마케팅/세일즈](https://www.coupang.com/np/categories/330279)\n        *   [투자/재테크](https://www.coupang.com/np/categories/330285)\n        *   [인터넷비즈니스](https://www.coupang.com/np/categories/330290)\n        *   [창업/취업/은퇴](https://www.coupang.com/np/categories/330293)\n        *   [성공스토리](https://www.coupang.com/np/categories/330297)\n        *   [경제/시사잡지](https://www.coupang.com/np/categories/330298)\n        *   [총람/간행물](https://www.coupang.com/np/categories/330301)\n\n    *   [과학/공학](https://www.coupang.com/np/categories/330795)\n\n        *   [기초과학/교양과학](https://www.coupang.com/np/categories/330796)\n        *   [과학자](https://www.coupang.com/np/categories/330800)\n        *   [뇌과학](https://www.coupang.com/np/categories/330801)\n        *   [의학/법의학](https://www.coupang.com/np/categories/330804)\n        *   [생명과학](https://www.coupang.com/np/categories/330805)\n        *   [화학](https://www.coupang.com/np/categories/330815)\n        *   [수학](https://www.coupang.com/np/categories/330821)\n        *   [물리](https://www.coupang.com/np/categories/330828)\n        *   [지구과학](https://www.coupang.com/np/categories/330834)\n        *   [천문학](https://www.coupang.com/np/categories/330838)\n        *   [인체](https://www.coupang.com/np/categories/330842)\n        *   [공학](https://www.coupang.com/np/categories/330845)\n        *   [농/축/수산학](https://www.coupang.com/np/categories/330852)\n        *   [더보기](https://www.coupang.com/np/categories/330795)\n\n    *   [국어/외국어/사전](https://www.coupang.com/np/categories/330972)\n\n        *   [국어](https://www.coupang.com/np/categories/330973)\n        *   [한자](https://www.coupang.com/np/categories/330983)\n        *   [영어](https://www.coupang.com/np/categories/330986)\n        *   [영어시험대비](https://www.coupang.com/np/categories/330998)\n        *   [일본어](https://www.coupang.com/np/categories/331027)\n        *   [중국어](https://www.coupang.com/np/categories/331035)\n        *   [중동/아랍어](https://www.coupang.com/np/categories/331043)\n        *   [독일어](https://www.coupang.com/np/categories/331044)\n        *   [프랑스어](https://www.coupang.com/np/categories/331045)\n        *   [이탈리아어](https://www.coupang.com/np/categories/331046)\n        *   [스페인어](https://www.coupang.com/np/categories/331047)\n        *   [러시아어](https://www.coupang.com/np/categories/331048)\n        *   [기타 동양어](https://www.coupang.com/np/categories/331049)\n        *   [더보기](https://www.coupang.com/np/categories/330972)\n\n    *   [대학교재](https://www.coupang.com/np/categories/331100)\n\n        *   [인문학 계열](https://www.coupang.com/np/categories/331101)\n        *   [어문학 계열](https://www.coupang.com/np/categories/331111)\n        *   [자연과학 계열](https://www.coupang.com/np/categories/331126)\n        *   [의약학/간호 계열](https://www.coupang.com/np/categories/331136)\n        *   [사범대 계열](https://www.coupang.com/np/categories/331189)\n        *   [농축산학 계열](https://www.coupang.com/np/categories/331199)\n        *   [경상계열](https://www.coupang.com/np/categories/331203)\n        *   [예체능/문화/기타 계열](https://www.coupang.com/np/categories/331246)\n        *   [사회과학 계열](https://www.coupang.com/np/categories/331255)\n        *   [법학계열](https://www.coupang.com/np/categories/331269)\n        *   [공학계열](https://www.coupang.com/np/categories/331285)\n\n    *   [만화/라이트노벨](https://www.coupang.com/np/categories/330646)\n\n        *   [만화 비평/작법](https://www.coupang.com/np/categories/330647)\n        *   [애니메이션](https://www.coupang.com/np/categories/330650)\n        *   [예술만화/교양만화](https://www.coupang.com/np/categories/330651)\n        *   [시사/풍자만화](https://www.coupang.com/np/categories/330652)\n        *   [취미/직업만화](https://www.coupang.com/np/categories/330653)\n        *   [역사만화](https://www.coupang.com/np/categories/330654)\n        *   [코믹/명랑만화](https://www.coupang.com/np/categories/330655)\n        *   [스포츠만화](https://www.coupang.com/np/categories/330656)\n        *   [소년만화](https://www.coupang.com/np/categories/330657)\n        *   [장르만화](https://www.coupang.com/np/categories/330661)\n        *   [드라마만화](https://www.coupang.com/np/categories/330665)\n        *   [성인만화](https://www.coupang.com/np/categories/330666)\n        *   [순정만화](https://www.coupang.com/np/categories/330667)\n        *   [더보기](https://www.coupang.com/np/categories/330646)\n\n    *   [사회 정치](https://www.coupang.com/np/categories/330585)\n\n        *   [생태/환경](https://www.coupang.com/np/categories/330586)\n        *   [사회학](https://www.coupang.com/np/categories/330587)\n        *   [사회비평/비판](https://www.coupang.com/np/categories/330593)\n        *   [정치/외교](https://www.coupang.com/np/categories/330594)\n        *   [북한/통일](https://www.coupang.com/np/categories/330602)\n        *   [행정](https://www.coupang.com/np/categories/330603)\n        *   [국방/군사](https://www.coupang.com/np/categories/330607)\n        *   [법과 생활](https://www.coupang.com/np/categories/330611)\n        *   [여성/젠더](https://www.coupang.com/np/categories/330625)\n        *   [언론/미디어](https://www.coupang.com/np/categories/330629)\n        *   [교육](https://www.coupang.com/np/categories/330636)\n        *   [사회단체/NGO](https://www.coupang.com/np/categories/330643)\n        *   [지리학/지정학](https://www.coupang.com/np/categories/330644)\n        *   [더보기](https://www.coupang.com/np/categories/330585)\n\n    *   [수험서/자격증](https://www.coupang.com/np/categories/331298)\n\n        *   [공무원 준비관](https://www.coupang.com/np/categories/331299)\n        *   [교원임용시험](https://www.coupang.com/np/categories/331348)\n        *   [한국사능력검정시험](https://www.coupang.com/np/categories/331356)\n        *   [한국어능력검정시험](https://www.coupang.com/np/categories/331360)\n        *   [한자시험](https://www.coupang.com/np/categories/331361)\n        *   [취업/상식/적성](https://www.coupang.com/np/categories/331362)\n        *   [경제/금융/회계](https://www.coupang.com/np/categories/331367)\n        *   [공인중개/주택관리](https://www.coupang.com/np/categories/331424)\n        *   [법/인문/사회/고시](https://www.coupang.com/np/categories/331427)\n        *   [보건/위생/의학](https://www.coupang.com/np/categories/331443)\n        *   [한국산업인력공단](https://www.coupang.com/np/categories/331454)\n        *   [편입/검정고시/독학사](https://www.coupang.com/np/categories/331574)\n        *   [LEET:법학적성시험](https://www.coupang.com/np/categories/331591)\n        *   [더보기](https://www.coupang.com/np/categories/331298)\n\n    *   [여행](https://www.coupang.com/np/categories/330379)\n\n        *   [해외여행](https://www.coupang.com/np/categories/330380)\n        *   [국내여행](https://www.coupang.com/np/categories/330408)\n        *   [테마여행](https://www.coupang.com/np/categories/330418)\n        *   [지도/지리](https://www.coupang.com/np/categories/330428)\n        *   [여행회화](https://www.coupang.com/np/categories/330432)\n        *   [워킹 홀리데이](https://www.coupang.com/np/categories/330433)\n        *   [유학/해외연수/이민](https://www.coupang.com/np/categories/330434)\n        *   [여행 에세이](https://www.coupang.com/np/categories/330435)\n\n    *   [역사](https://www.coupang.com/np/categories/330521)\n\n        *   [한국사 일반](https://www.coupang.com/np/categories/330522)\n        *   [한국고대/고려사](https://www.coupang.com/np/categories/330523)\n        *   [조선사](https://www.coupang.com/np/categories/330527)\n        *   [한국근현대사](https://www.coupang.com/np/categories/330528)\n        *   [한국문화](https://www.coupang.com/np/categories/330532)\n        *   [북한사](https://www.coupang.com/np/categories/330533)\n        *   [일본사](https://www.coupang.com/np/categories/330534)\n        *   [중국사](https://www.coupang.com/np/categories/330540)\n        *   [아시아사](https://www.coupang.com/np/categories/330546)\n        *   [서양사](https://www.coupang.com/np/categories/330552)\n        *   [유럽사](https://www.coupang.com/np/categories/330555)\n        *   [아메리카사/기타](https://www.coupang.com/np/categories/330562)\n        *   [아프리카/오세아니아사](https://www.coupang.com/np/categories/330565)\n        *   [더보기](https://www.coupang.com/np/categories/330521)\n\n    *   [예술](https://www.coupang.com/np/categories/330674)\n\n        *   [건축](https://www.coupang.com/np/categories/330675)\n        *   [미술](https://www.coupang.com/np/categories/330678)\n        *   [음악](https://www.coupang.com/np/categories/330689)\n        *   [사진](https://www.coupang.com/np/categories/330704)\n        *   [무용](https://www.coupang.com/np/categories/330710)\n        *   [연극/공연](https://www.coupang.com/np/categories/330713)\n        *   [영화/비디오](https://www.coupang.com/np/categories/330717)\n        *   [대중음악](https://www.coupang.com/np/categories/330721)\n        *   [예술/대중문화 이해](https://www.coupang.com/np/categories/330725)\n        *   [TV/라디오](https://www.coupang.com/np/categories/330728)\n        *   [예술치료](https://www.coupang.com/np/categories/330729)\n        *   [예술기행](https://www.coupang.com/np/categories/330730)\n        *   [연예인 화보집](https://www.coupang.com/np/categories/330731)\n\n    *   [인문](https://www.coupang.com/np/categories/330479)\n\n        *   [인문 일반](https://www.coupang.com/np/categories/330480)\n        *   [철학/사상 일반](https://www.coupang.com/np/categories/330486)\n        *   [심리학/심리일반](https://www.coupang.com/np/categories/330487)\n        *   [기호학/언어학](https://www.coupang.com/np/categories/330494)\n        *   [종교학/신화학](https://www.coupang.com/np/categories/330497)\n        *   [한국철학](https://www.coupang.com/np/categories/330503)\n        *   [동양철학](https://www.coupang.com/np/categories/330507)\n        *   [서양철학](https://www.coupang.com/np/categories/330514)\n        *   [논리학](https://www.coupang.com/np/categories/330519)\n        *   [윤리학](https://www.coupang.com/np/categories/330520)\n        *   [비평/창작/이론](https://www.coupang.com/np/categories/497970)\n\n    *   [더보기](https://www.coupang.com/np/categories/317777)\n\n[도서/음반/DVD](https://pages.coupang.com/p/155951 \"도서/음반/DVD\")![Image 30: 도서/음반/DVD](https://pages.coupang.com/p/136938)\n\n*   [완구/취미](https://www.coupang.com/np/categories/317779)\n\n    *   [브랜드컬렉션](https://www.coupang.com/np/campaigns/21585) \n    *   [캐릭터별완구](https://www.coupang.com/np/campaigns/20251)\n\n        *   [뽀로로](https://www.coupang.com/np/campaigns/1850)\n        *   [타요](https://www.coupang.com/np/campaigns/20326)\n        *   [수퍼윙스](https://www.coupang.com/np/campaigns/20328)\n        *   [신비아파트](https://www.coupang.com/np/campaigns/1578)\n        *   [콩순이](https://www.coupang.com/np/campaigns/1853)\n        *   [시크릿쥬쥬](https://www.coupang.com/np/campaigns/20330)\n        *   [헬로카봇](https://www.coupang.com/np/campaigns/234)\n        *   [캐치티니핑](https://www.coupang.com/np/campaigns/20332)\n        *   [파워레인저](https://www.coupang.com/np/campaigns/20334)\n        *   [베이블레이드](https://www.coupang.com/np/campaigns/876)\n        *   [실바니안패밀리](https://www.coupang.com/np/campaigns/1925)\n        *   [미미](https://www.coupang.com/np/campaigns/20336)\n        *   [포켓몬스터](https://www.coupang.com/np/campaigns/20338)\n        *   [더보기](https://www.coupang.com/np/campaigns/20251)\n\n    *   [연령별완구](https://www.coupang.com/np/campaigns/872)\n\n        *   [24개월이하](https://www.coupang.com/np/campaigns/228)\n        *   [2~5세](https://www.coupang.com/np/campaigns/229)\n        *   [5~8세](https://www.coupang.com/np/campaigns/230)\n        *   [8~12세](https://www.coupang.com/np/campaigns/231)\n        *   [13세이상](https://www.coupang.com/np/campaigns/232)\n\n    *   [로봇/작동완구](https://www.coupang.com/np/categories/331852)\n\n        *   [로봇](https://www.coupang.com/np/categories/331853)\n        *   [베이블레이드/배틀팽이](https://www.coupang.com/np/categories/331860)\n        *   [교통수단](https://www.coupang.com/np/categories/331864)\n        *   [동물](https://www.coupang.com/np/categories/331873)\n        *   [장난감총/칼](https://www.coupang.com/np/categories/331874)\n        *   [작동완구](https://www.coupang.com/np/categories/331877)\n        *   [어린이RC완구](https://www.coupang.com/np/categories/331887)\n        *   [풀백장난감](https://www.coupang.com/np/categories/331898)\n        *   [태엽장난감](https://www.coupang.com/np/categories/331899)\n\n    *   [학습완구/교구](https://www.coupang.com/np/categories/331991)\n\n        *   [과학/자연학습](https://www.coupang.com/np/categories/331992)\n        *   [기술/공학완구](https://www.coupang.com/np/categories/332054)\n        *   [미술/점토](https://www.coupang.com/np/categories/332064)\n        *   [음악/악기놀이](https://www.coupang.com/np/categories/332124)\n        *   [수학/도형완구](https://www.coupang.com/np/categories/332148)\n        *   [언어학습완구](https://www.coupang.com/np/categories/332160)\n        *   [학습카드](https://www.coupang.com/np/categories/332169)\n        *   [학습벽보](https://www.coupang.com/np/categories/332170)\n        *   [원목교구/가베](https://www.coupang.com/np/categories/332171)\n        *   [퍼즐](https://www.coupang.com/np/categories/332185)\n        *   [디지털학습완구](https://www.coupang.com/np/categories/332208)\n        *   [자석/학습보드](https://www.coupang.com/np/categories/332221)\n\n    *   [STEAM완구](https://www.coupang.com/np/categories/373941)\n\n        *   [과학(S)](https://www.coupang.com/np/categories/373947)\n        *   [기술(T)](https://www.coupang.com/np/categories/373994)\n        *   [공학(E)](https://www.coupang.com/np/categories/374010)\n        *   [예술(A)](https://www.coupang.com/np/categories/374019)\n        *   [수학(M)](https://www.coupang.com/np/categories/374067)\n\n    *   [블록놀이](https://www.coupang.com/np/categories/331900)\n\n        *   [레고](https://www.coupang.com/np/categories/331901)\n        *   [옥스포드](https://www.coupang.com/np/categories/331904)\n        *   [나노블록](https://www.coupang.com/np/categories/331905)\n        *   [플레이모빌](https://www.coupang.com/np/categories/331906)\n        *   [사각/십자블록](https://www.coupang.com/np/categories/331907)\n        *   [원목블록](https://www.coupang.com/np/categories/331908)\n        *   [자석블록](https://www.coupang.com/np/categories/331909)\n        *   [소프트블록](https://www.coupang.com/np/categories/331910)\n        *   [벽돌블록/빅블록](https://www.coupang.com/np/categories/331911)\n        *   [기어블록](https://www.coupang.com/np/categories/331912)\n        *   [마블런/레일블록](https://www.coupang.com/np/categories/331913)\n        *   [나사조립블록](https://www.coupang.com/np/categories/373745)\n        *   [도미노](https://www.coupang.com/np/categories/331914)\n\n    *   [역할놀이](https://www.coupang.com/np/categories/331940)\n\n        *   [주방놀이](https://www.coupang.com/np/categories/331941)\n        *   [소꿉놀이](https://www.coupang.com/np/categories/331942)\n        *   [공구놀이](https://www.coupang.com/np/categories/331943)\n        *   [마트/계산대놀이](https://www.coupang.com/np/categories/331944)\n        *   [화장/꾸미기놀이](https://www.coupang.com/np/categories/331945)\n        *   [아기돌보기놀이](https://www.coupang.com/np/categories/331951)\n        *   [병원놀이](https://www.coupang.com/np/categories/331954)\n        *   [청소놀이](https://www.coupang.com/np/categories/331955)\n        *   [만들기토이](https://www.coupang.com/np/categories/331956)\n        *   [악기놀이](https://www.coupang.com/np/categories/331957)\n        *   [모래놀이](https://www.coupang.com/np/categories/331967)\n        *   [낚시놀이](https://www.coupang.com/np/categories/331968)\n        *   [장난감총/칼](https://www.coupang.com/np/categories/331969)\n        *   [더보기](https://www.coupang.com/np/categories/331940)\n\n    *   [스포츠/야외완구](https://www.coupang.com/np/categories/332699)\n\n        *   [구기종목](https://www.coupang.com/np/categories/332700)\n        *   [양궁/사격/다트](https://www.coupang.com/np/categories/332711)\n        *   [유아동장난감총](https://www.coupang.com/np/categories/332720)\n        *   [비누방울/버블건](https://www.coupang.com/np/categories/332721)\n        *   [물총](https://www.coupang.com/np/categories/332722)\n        *   [모래놀이](https://www.coupang.com/np/categories/332723)\n        *   [자전거/승용완구](https://www.coupang.com/np/categories/332724)\n        *   [트램펄린](https://www.coupang.com/np/categories/332765)\n        *   [훌라후프/줄넘기](https://www.coupang.com/np/categories/332766)\n        *   [펀치백](https://www.coupang.com/np/categories/332769)\n        *   [점핑볼](https://www.coupang.com/np/categories/332770)\n        *   [캐치볼/원반던지기](https://www.coupang.com/np/categories/332771)\n        *   [요요/액세서리](https://www.coupang.com/np/categories/332775)\n        *   [더보기](https://www.coupang.com/np/categories/332699)\n\n    *   [신생아/영아완구](https://www.coupang.com/np/categories/331793)\n\n        *   [모빌](https://www.coupang.com/np/categories/331794)\n        *   [초점책/헝겊책](https://www.coupang.com/np/categories/331795)\n        *   [딸랑이](https://www.coupang.com/np/categories/331796)\n        *   [치발기/케이스](https://www.coupang.com/np/categories/331797)\n        *   [오뚝이](https://www.coupang.com/np/categories/331801)\n        *   [멜로디/러닝완구](https://www.coupang.com/np/categories/331802)\n        *   [목욕놀이완구](https://www.coupang.com/np/categories/331808)\n        *   [애착/수면인형](https://www.coupang.com/np/categories/331809)\n        *   [아기공](https://www.coupang.com/np/categories/331810)\n        *   [아기체육관/러닝홈](https://www.coupang.com/np/categories/331811)\n        *   [바운서](https://www.coupang.com/np/categories/331812)\n        *   [쏘서/점퍼루/보행기](https://www.coupang.com/np/categories/331813)\n        *   [걸음마보조기](https://www.coupang.com/np/categories/331817)\n        *   [더보기](https://www.coupang.com/np/categories/331793)\n\n    *   [보드게임](https://www.coupang.com/np/categories/332230)\n\n        *   [멘사추천/학습게임](https://www.coupang.com/np/categories/332237)\n        *   [두뇌게임](https://www.coupang.com/np/categories/332245)\n        *   [균형/순발력게임](https://www.coupang.com/np/categories/332251)\n        *   [추리/전략게임](https://www.coupang.com/np/categories/332255)\n        *   [복불복/룰렛게임](https://www.coupang.com/np/categories/332258)\n        *   [캐릭터/마술/타로카드](https://www.coupang.com/np/categories/332267)\n        *   [스포츠/액션게임](https://www.coupang.com/np/categories/332272)\n        *   [바둑/체스/윷놀이](https://www.coupang.com/np/categories/332291)\n        *   [화투/트럼프/마작](https://www.coupang.com/np/categories/332306)\n        *   [기타보드게임](https://www.coupang.com/np/categories/332323)\n        *   [보드게임액세서리](https://www.coupang.com/np/categories/502705)\n\n    *   [퍼즐/큐브/피젯토이](https://www.coupang.com/np/categories/332324)\n\n        *   [직소퍼즐](https://www.coupang.com/np/categories/332325)\n        *   [구슬퍼즐](https://www.coupang.com/np/categories/332326)\n        *   [입체퍼즐](https://www.coupang.com/np/categories/332327)\n        *   [유아동퍼즐](https://www.coupang.com/np/categories/332328)\n        *   [캐스트/유레카퍼즐](https://www.coupang.com/np/categories/332352)\n        *   [IQ퍼즐/스도쿠](https://www.coupang.com/np/categories/332356)\n        *   [퍼즐액세서리](https://www.coupang.com/np/categories/332357)\n        *   [큐브](https://www.coupang.com/np/categories/332363)\n        *   [피젯토이](https://www.coupang.com/np/categories/332373)\n\n    *   [RC완구/부품](https://www.coupang.com/np/categories/332380)\n\n        *   [RC드론/쿼드콥터](https://www.coupang.com/np/categories/332388)\n        *   [RC카](https://www.coupang.com/np/categories/382668)\n        *   [RC헬기/비행기](https://www.coupang.com/np/categories/332391)\n        *   [RC보트/잠수함](https://www.coupang.com/np/categories/332392)\n        *   [RC탱크](https://www.coupang.com/np/categories/332393)\n        *   [RC바이크/오토바이](https://www.coupang.com/np/categories/332394)\n        *   [RC로봇](https://www.coupang.com/np/categories/332395)\n        *   [RC부품/액세서리](https://www.coupang.com/np/categories/332396)\n        *   [어린이RC완구](https://www.coupang.com/np/categories/332480)\n\n    *   [피규어/다이캐스트](https://www.coupang.com/np/categories/332576)\n\n        *   [원피스피규어](https://www.coupang.com/np/categories/332577)\n        *   [인물피규어](https://www.coupang.com/np/categories/332592)\n        *   [동물/공룡피규어](https://www.coupang.com/np/categories/497980)\n        *   [실바니안피규어](https://www.coupang.com/np/categories/332584)\n        *   [게임/영화피규어](https://www.coupang.com/np/categories/332588)\n        *   [애니메이션피규어](https://www.coupang.com/np/categories/462201)\n        *   [성인캐릭터피규어](https://www.coupang.com/np/categories/462202)\n        *   [성인용(19)피규어](https://www.coupang.com/np/categories/462203)\n        *   [건물피규어](https://www.coupang.com/np/categories/332595)\n        *   [로봇피규어](https://www.coupang.com/np/categories/332590)\n        *   [교통수단피규어](https://www.coupang.com/np/categories/332594)\n        *   [밀리터리피규어](https://www.coupang.com/np/categories/332589)\n        *   [스포츠피규어](https://www.coupang.com/np/categories/332591)\n        *   [더보기](https://www.coupang.com/np/categories/332576)\n\n    *   [키덜트샵](https://www.coupang.com/np/campaigns/4659) \n    *   [프라모델](https://www.coupang.com/np/categories/332492)\n\n        *   [건담](https://www.coupang.com/np/categories/332493)\n        *   [탱크/지프/밀리터리](https://www.coupang.com/np/categories/332494)\n        *   [자동차/트럭/기차](https://www.coupang.com/np/categories/332501)\n        *   [비행기/전투기/헬기](https://www.coupang.com/np/categories/332510)\n        *   [배/전함/잠수함](https://www.coupang.com/np/categories/332515)\n        *   [건물/빌딩/성](https://www.coupang.com/np/categories/332522)\n        *   [로봇/우주선](https://www.coupang.com/np/categories/332523)\n        *   [캐릭터/애니메이션](https://www.coupang.com/np/categories/332524)\n        *   [공룡/동물](https://www.coupang.com/np/categories/332525)\n        *   [4WD미니카](https://www.coupang.com/np/categories/332526)\n        *   [디오라마재료](https://www.coupang.com/np/categories/332533)\n        *   [도료/공구/기타](https://www.coupang.com/np/categories/402318)\n        *   [서바이벌건/BB탄총](https://www.coupang.com/np/categories/332571)\n        *   [더보기](https://www.coupang.com/np/categories/332492)\n\n    *   [더보기](https://www.coupang.com/np/categories/317779)\n\n[완구/취미](https://www.coupang.com/mlp/web/mlp-landing-page?landingId=2497&subSourceType=gm_crm_rblbnr \"완구/취미\")![Image 31: 완구/취미](https://pages.coupang.com/p/136938)\n\n*   [문구/오피스](https://www.coupang.com/np/categories/177295)\n\n    *   [사무용품 전문관](https://www.coupang.com/np/categories/408063)\n\n        *   [사무용문구](https://www.coupang.com/np/categories/408064)\n        *   [파일/바인더](https://www.coupang.com/np/categories/408126)\n        *   [사무용지/복사지](https://www.coupang.com/np/categories/408145)\n        *   [데스크정리소품](https://www.coupang.com/np/categories/408179)\n        *   [보드/칠판/광고](https://www.coupang.com/np/categories/408193)\n        *   [봉투/포장용품](https://www.coupang.com/np/categories/408209)\n        *   [디지털/사무기기](https://www.coupang.com/np/categories/408225)\n        *   [사무용가구/수납](https://www.coupang.com/np/categories/408275)\n\n    *   [미술/화방용품](https://www.coupang.com/np/categories/401900)\n\n        *   [수채화](https://www.coupang.com/np/categories/401901)\n        *   [유화](https://www.coupang.com/np/categories/401909)\n        *   [아크릴화](https://www.coupang.com/np/categories/401926)\n        *   [디자인/구성](https://www.coupang.com/np/categories/401939)\n        *   [동양화/서예](https://www.coupang.com/np/categories/401947)\n        *   [조소/도예/판화](https://www.coupang.com/np/categories/401964)\n        *   [지류/스케치북](https://www.coupang.com/np/categories/401991)\n        *   [캔버스/판넬](https://www.coupang.com/np/categories/402011)\n        *   [드로잉/채색도구](https://www.coupang.com/np/categories/402016)\n        *   [붓](https://www.coupang.com/np/categories/402059)\n        *   [파스텔/콩테/목탄](https://www.coupang.com/np/categories/402074)\n        *   [캘리그라피](https://www.coupang.com/np/categories/402081)\n        *   [애니메이션/만화](https://www.coupang.com/np/categories/402092)\n        *   [더보기](https://www.coupang.com/np/categories/401900)\n\n    *   [캐릭터 문구](https://www.coupang.com/np/categories/359731)\n\n        *   [카카오프렌즈](https://www.coupang.com/np/categories/359732)\n        *   [핑크퐁](https://www.coupang.com/np/categories/379723)\n        *   [뽀로로](https://www.coupang.com/np/categories/359733)\n        *   [리락쿠마](https://www.coupang.com/np/categories/359736)\n        *   [엉덩이탐정](https://www.coupang.com/np/categories/443129)\n        *   [디즈니](https://www.coupang.com/np/categories/359735)\n        *   [포켓몬스터](https://www.coupang.com/np/categories/359745)\n        *   [짱구는 못말려](https://www.coupang.com/np/categories/443130)\n        *   [헬로키티](https://www.coupang.com/np/categories/359734)\n        *   [BT21](https://www.coupang.com/np/categories/443131)\n        *   [마블/DC](https://www.coupang.com/np/categories/366893)\n        *   [에비츄](https://www.coupang.com/np/categories/359750)\n        *   [빨강머리 앤](https://www.coupang.com/np/categories/359740)\n        *   [더보기](https://www.coupang.com/np/categories/359731)\n\n    *   [학용품/수업준비](https://www.coupang.com/np/categories/178098)\n\n        *   [필기용품](https://www.coupang.com/np/categories/373322)\n        *   [노트](https://www.coupang.com/np/categories/178100)\n        *   [메모지/수첩](https://www.coupang.com/np/categories/373365)\n        *   [학용품세트](https://www.coupang.com/np/categories/178113)\n        *   [파일](https://www.coupang.com/np/categories/373372)\n        *   [네임스티커/명찰](https://www.coupang.com/np/categories/178114)\n        *   [지구본/지도](https://www.coupang.com/np/categories/178123)\n        *   [과학시간](https://www.coupang.com/np/categories/382074)\n        *   [수학시간](https://www.coupang.com/np/categories/178151)\n        *   [미술시간](https://www.coupang.com/np/categories/178167)\n        *   [음악시간](https://www.coupang.com/np/categories/178226)\n        *   [체육시간](https://www.coupang.com/np/categories/178242)\n        *   [학년별 준비물](https://www.coupang.com/np/categories/373384)\n        *   [더보기](https://www.coupang.com/np/categories/178098)\n\n    *   [필기류](https://www.coupang.com/np/categories/177297)\n\n        *   [펜/리필심](https://www.coupang.com/np/categories/177299)\n        *   [연필](https://www.coupang.com/np/categories/177306)\n        *   [샤프](https://www.coupang.com/np/categories/177315)\n        *   [만년필](https://www.coupang.com/np/categories/177319)\n        *   [형광펜](https://www.coupang.com/np/categories/177328)\n        *   [사인펜/매직](https://www.coupang.com/np/categories/177329)\n        *   [색연필](https://www.coupang.com/np/categories/177334)\n        *   [붓펜/캘리그라피펜](https://www.coupang.com/np/categories/177335)\n        *   [분필/보드마카](https://www.coupang.com/np/categories/177340)\n        *   [지우개/수정액](https://www.coupang.com/np/categories/177346)\n        *   [필통/파우치](https://www.coupang.com/np/categories/177356)\n\n    *   [노트/메모지](https://www.coupang.com/np/categories/401541)\n\n        *   [유선/무선노트](https://www.coupang.com/np/categories/435837)\n        *   [학습/과목노트](https://www.coupang.com/np/categories/435838)\n        *   [초등학생노트](https://www.coupang.com/np/categories/435839)\n        *   [노트커버/패드](https://www.coupang.com/np/categories/435840)\n        *   [수첩](https://www.coupang.com/np/categories/435841)\n        *   [가계부/캐쉬북](https://www.coupang.com/np/categories/435842)\n        *   [일기장](https://www.coupang.com/np/categories/435843)\n        *   [기록노트](https://www.coupang.com/np/categories/435844)\n        *   [메모패드/리갈패드](https://www.coupang.com/np/categories/435845)\n        *   [메모지/체크리스트](https://www.coupang.com/np/categories/435846)\n        *   [점착메모지/포스트잇](https://www.coupang.com/np/categories/435847)\n        *   [인덱스/플래그](https://www.coupang.com/np/categories/401571)\n\n    *   [다이어리/플래너](https://www.coupang.com/np/categories/401572)\n\n        *   [다이어리](https://www.coupang.com/np/categories/401573)\n        *   [다이어리소품](https://www.coupang.com/np/categories/401577)\n        *   [스케쥴러](https://www.coupang.com/np/categories/401581)\n        *   [캘린더](https://www.coupang.com/np/categories/401582)\n        *   [프로젝트플래너](https://www.coupang.com/np/categories/401588)\n\n    *   [바인더/파일](https://www.coupang.com/np/categories/177419)\n\n        *   [바인더](https://www.coupang.com/np/categories/177421)\n        *   [파일](https://www.coupang.com/np/categories/177427)\n        *   [클립보드/결재판](https://www.coupang.com/np/categories/177442)\n\n    *   [파티/이벤트](https://www.coupang.com/np/categories/401805)\n\n        *   [테이블웨어](https://www.coupang.com/np/categories/401806)\n        *   [초/티라이트](https://www.coupang.com/np/categories/401813)\n        *   [풍선](https://www.coupang.com/np/categories/401818)\n        *   [파티모자/머리띠](https://www.coupang.com/np/categories/401829)\n        *   [파티장식/가랜드](https://www.coupang.com/np/categories/401834)\n        *   [홈파티세트](https://www.coupang.com/np/categories/401840)\n        *   [꽃잎/폭죽/불꽃놀이](https://www.coupang.com/np/categories/401841)\n        *   [가발/가면/안경](https://www.coupang.com/np/categories/401847)\n        *   [의상/분장용품](https://www.coupang.com/np/categories/401851)\n        *   [응원/페스티벌](https://www.coupang.com/np/categories/401857)\n        *   [마술용품](https://www.coupang.com/np/categories/401866)\n        *   [기타파티소품](https://www.coupang.com/np/categories/401873)\n\n    *   [데코/포장용품](https://www.coupang.com/np/categories/178035)\n\n        *   [선물/포장용품](https://www.coupang.com/np/categories/178037)\n        *   [스티커](https://www.coupang.com/np/categories/178060)\n        *   [스탬프/씰링](https://www.coupang.com/np/categories/178068)\n        *   [모양펀치](https://www.coupang.com/np/categories/178073)\n        *   [데코테이프](https://www.coupang.com/np/categories/178074)\n\n    *   [카드/엽서/봉투](https://www.coupang.com/np/categories/178005)\n\n        *   [카드](https://www.coupang.com/np/categories/178007)\n        *   [엽서](https://www.coupang.com/np/categories/178015)\n        *   [편지지](https://www.coupang.com/np/categories/178021)\n        *   [봉투](https://www.coupang.com/np/categories/178022)\n\n    *   [앨범](https://www.coupang.com/np/categories/401781)\n\n        *   [일반포토앨범](https://www.coupang.com/np/categories/401782)\n        *   [폴라로이드앨범](https://www.coupang.com/np/categories/401783)\n        *   [티켓/영화앨범](https://www.coupang.com/np/categories/401784)\n        *   [출산/성장앨범](https://www.coupang.com/np/categories/401785)\n        *   [기타스크랩북](https://www.coupang.com/np/categories/401786)\n\n    *   [복사용품/라벨지](https://www.coupang.com/np/categories/177453)\n\n        *   [복사용지](https://www.coupang.com/np/categories/177455)\n        *   [출력라벨지](https://www.coupang.com/np/categories/177456)\n        *   [전용지](https://www.coupang.com/np/categories/177471)\n        *   [잉크/토너](https://www.coupang.com/np/categories/177482)\n\n    *   [보드/칠판/광고](https://www.coupang.com/np/categories/401787)\n\n        *   [화이트보드/게시판](https://www.coupang.com/np/categories/401788)\n        *   [블랙/칼라보드/게시판](https://www.coupang.com/np/categories/401789)\n        *   [칠판보드/게시판](https://www.coupang.com/np/categories/401790)\n        *   [콜크보드/게시판](https://www.coupang.com/np/categories/401791)\n        *   [융보드/게시판](https://www.coupang.com/np/categories/401792)\n        *   [메모보드](https://www.coupang.com/np/categories/401793)\n        *   [타공판/메쉬보드](https://www.coupang.com/np/categories/401794)\n        *   [보드/게시판소품](https://www.coupang.com/np/categories/401795)\n        *   [메뉴판](https://www.coupang.com/np/categories/401799)\n        *   [쇼카드](https://www.coupang.com/np/categories/401800)\n        *   [아크릴꽂이/집게](https://www.coupang.com/np/categories/401801)\n        *   [아크릴사인/표지판](https://www.coupang.com/np/categories/401802)\n        *   [마네킹](https://www.coupang.com/np/categories/401803)\n        *   [더보기](https://www.coupang.com/np/categories/401787)\n\n[문구/오피스](https://pages.coupang.com/p/156615 \"문구/오피스\")![Image 32: 문구/오피스](https://pages.coupang.com/p/136938)\n\n*   [반려동물용품](https://www.coupang.com/np/categories/115674)\n\n    *   [강아지 사료](https://www.coupang.com/np/categories/445725)\n\n        *   [건식사료](https://www.coupang.com/np/categories/445726)\n        *   [소프트사료](https://www.coupang.com/np/categories/445727)\n        *   [습식사료](https://www.coupang.com/np/categories/445728)\n        *   [건조/생식사료](https://www.coupang.com/np/categories/445729)\n        *   [화식사료](https://www.coupang.com/np/categories/445730)\n        *   [분유](https://www.coupang.com/np/categories/445731)\n        *   [기능성사료](https://www.coupang.com/np/categories/509024)\n        *   [처방식 사료](https://www.coupang.com/np/categories/510526)\n\n    *   [강아지 간식](https://www.coupang.com/np/categories/118900)\n\n        *   [캔/파우치](https://www.coupang.com/np/categories/118975)\n        *   [덴탈껌](https://www.coupang.com/np/categories/385001)\n        *   [건조간식/육포](https://www.coupang.com/np/categories/385002)\n        *   [동결건조간식](https://www.coupang.com/np/categories/385003)\n        *   [비스켓/시리얼/쿠키](https://www.coupang.com/np/categories/118974)\n        *   [캔디/젤리](https://www.coupang.com/np/categories/225063)\n        *   [빵/케이크](https://www.coupang.com/np/categories/225064)\n        *   [테린/화식](https://www.coupang.com/np/categories/445733)\n        *   [져키/트릿](https://www.coupang.com/np/categories/385004)\n        *   [음료](https://www.coupang.com/np/categories/118980)\n\n    *   [강아지 영양제](https://www.coupang.com/np/categories/486318)\n\n        *   [영양제](https://www.coupang.com/np/categories/486319)\n        *   [건강보조제](https://www.coupang.com/np/categories/486328)\n        *   [처방보조/보충식](https://www.coupang.com/np/categories/510524)\n\n    *   [강아지 용품](https://www.coupang.com/np/categories/118876)\n\n        *   [하우스/울타리](https://www.coupang.com/np/categories/118920)\n        *   [급식기/급수기](https://www.coupang.com/np/categories/118919)\n        *   [의류/패션](https://www.coupang.com/np/categories/118926)\n        *   [배변용품](https://www.coupang.com/np/categories/118916)\n        *   [미용/목욕](https://www.coupang.com/np/categories/118917)\n        *   [장난감/훈련용품](https://www.coupang.com/np/categories/118923)\n        *   [펫캠/가전용품](https://www.coupang.com/np/categories/486542)\n        *   [이동장/외출용품](https://www.coupang.com/np/categories/118922)\n        *   [건강 관리](https://www.coupang.com/np/categories/373649)\n        *   [강아지도서](https://www.coupang.com/np/categories/225106)\n\n    *   [고양이 사료](https://www.coupang.com/np/categories/445859)\n\n        *   [건식사료](https://www.coupang.com/np/categories/445860)\n        *   [습식/소프트사료](https://www.coupang.com/np/categories/445861)\n        *   [건조생식사료](https://www.coupang.com/np/categories/445862)\n        *   [화식사료](https://www.coupang.com/np/categories/445863)\n        *   [분유](https://www.coupang.com/np/categories/446151)\n        *   [기능성사료](https://www.coupang.com/np/categories/509026)\n        *   [처방식 사료](https://www.coupang.com/np/categories/510527)\n\n    *   [고양이 간식](https://www.coupang.com/np/categories/119402)\n\n        *   [캔](https://www.coupang.com/np/categories/119522)\n        *   [파우치](https://www.coupang.com/np/categories/119499)\n        *   [동결/건조간식](https://www.coupang.com/np/categories/120216)\n        *   [수제간식](https://www.coupang.com/np/categories/119501)\n        *   [져키/스틱](https://www.coupang.com/np/categories/119502)\n        *   [통살/소시지](https://www.coupang.com/np/categories/119503)\n        *   [스낵](https://www.coupang.com/np/categories/119504)\n        *   [캣닢/캣글라스](https://www.coupang.com/np/categories/119505)\n        *   [음료](https://www.coupang.com/np/categories/119506)\n        *   [껌](https://www.coupang.com/np/categories/120217)\n        *   [테린/화식](https://www.coupang.com/np/categories/445864)\n\n    *   [고양이 용품](https://www.coupang.com/np/categories/118878)\n\n        *   [캣타워/스크래쳐](https://www.coupang.com/np/categories/119567)\n        *   [하우스/방석](https://www.coupang.com/np/categories/119562)\n        *   [급식기/급수기](https://www.coupang.com/np/categories/119561)\n        *   [의류/패션](https://www.coupang.com/np/categories/157054)\n        *   [모래/화장실](https://www.coupang.com/np/categories/119558)\n        *   [미용/목욕](https://www.coupang.com/np/categories/385076)\n        *   [장난감](https://www.coupang.com/np/categories/119568)\n        *   [펫캠/가전용품](https://www.coupang.com/np/categories/486545)\n        *   [이동장/외출용품](https://www.coupang.com/np/categories/119564)\n        *   [건강 관리](https://www.coupang.com/np/categories/119559)\n        *   [고양이 도서](https://www.coupang.com/np/categories/225107)\n\n    *   [고양이 영양제](https://www.coupang.com/np/categories/486331)\n\n        *   [영양제](https://www.coupang.com/np/categories/486332)\n        *   [건강보조제](https://www.coupang.com/np/categories/486342)\n        *   [처방보조/보충식](https://www.coupang.com/np/categories/510525)\n\n    *   [펫티켓 산책용품](https://www.coupang.com/np/categories/381522)\n\n        *   [배변봉투/삽](https://www.coupang.com/np/categories/381523)\n        *   [물티슈/크리너](https://www.coupang.com/np/categories/381526)\n        *   [기저귀/매너벨트](https://www.coupang.com/np/categories/381527)\n        *   [입마개](https://www.coupang.com/np/categories/381528)\n        *   [가슴줄/하네스](https://www.coupang.com/np/categories/381529)\n        *   [목줄](https://www.coupang.com/np/categories/381532)\n        *   [리드줄](https://www.coupang.com/np/categories/381535)\n        *   [자동줄](https://www.coupang.com/np/categories/381538)\n        *   [인식표/목걸이](https://www.coupang.com/np/categories/381539)\n        *   [이동가방/캐리어](https://www.coupang.com/np/categories/381540)\n\n    *   [관상어 용품](https://www.coupang.com/np/categories/118879)\n\n        *   [사료](https://www.coupang.com/np/categories/119922)\n        *   [수초/재배용품](https://www.coupang.com/np/categories/384981)\n        *   [수조/어항](https://www.coupang.com/np/categories/384995)\n        *   [수질 관리용품](https://www.coupang.com/np/categories/119925)\n        *   [모터/여과용품](https://www.coupang.com/np/categories/119926)\n        *   [수조장식/바닥재](https://www.coupang.com/np/categories/119927)\n        *   [히터/온도계](https://www.coupang.com/np/categories/119928)\n        *   [청소도구](https://www.coupang.com/np/categories/119929)\n        *   [조명](https://www.coupang.com/np/categories/119932)\n        *   [부화용품/급여기](https://www.coupang.com/np/categories/119933)\n        *   [관상어 도서](https://www.coupang.com/np/categories/225108)\n\n    *   [소동물/가축용품](https://www.coupang.com/np/categories/121391)\n\n        *   [조류용품](https://www.coupang.com/np/categories/118880)\n        *   [토끼/기니피그](https://www.coupang.com/np/categories/402289)\n        *   [햄스터 용품](https://www.coupang.com/np/categories/118882)\n        *   [고슴도치용품](https://www.coupang.com/np/categories/118883)\n        *   [페럿용품](https://www.coupang.com/np/categories/118886)\n        *   [거북이/달팽이용품](https://www.coupang.com/np/categories/118885)\n        *   [파충류용품](https://www.coupang.com/np/categories/118881)\n        *   [장수풍뎅이/곤충용품](https://www.coupang.com/np/categories/118884)\n        *   [가축사료/용품](https://www.coupang.com/np/categories/225990)\n        *   [소동물 도서](https://www.coupang.com/np/categories/225109)\n\n    *   [로켓펫닥터](https://www.coupang.com/np/campaigns/17993) \n\n[반려동물용품](https://pages.coupang.com/p/156118 \"반려동물용품\")![Image 33: 반려동물용품](https://pages.coupang.com/p/136938)\n\n*   [헬스/건강식품](https://www.coupang.com/np/categories/305798)\n\n    *   [건강기능식품](https://www.coupang.com/np/campaigns/6585) \n    *   [비타민/미네랄](https://www.coupang.com/np/categories/310632)\n\n        *   [멀티비타민](https://www.coupang.com/np/categories/310633)\n        *   [비타민A](https://www.coupang.com/np/categories/310634)\n        *   [비타민B](https://www.coupang.com/np/categories/310635)\n        *   [비오틴](https://www.coupang.com/np/categories/310636)\n        *   [비타민C](https://www.coupang.com/np/categories/310637)\n        *   [비타민D](https://www.coupang.com/np/categories/310638)\n        *   [비타민E](https://www.coupang.com/np/categories/310639)\n        *   [비타민K](https://www.coupang.com/np/categories/310640)\n        *   [칼슘](https://www.coupang.com/np/categories/310641)\n        *   [마그네슘](https://www.coupang.com/np/categories/310642)\n        *   [아연](https://www.coupang.com/np/categories/310643)\n        *   [철분](https://www.coupang.com/np/categories/310644)\n        *   [요오드](https://www.coupang.com/np/categories/310645)\n        *   [더보기](https://www.coupang.com/np/categories/310632)\n\n    *   [건강식품](https://www.coupang.com/np/categories/310655)\n\n        *   [유산균](https://www.coupang.com/np/categories/310656)\n        *   [루테인](https://www.coupang.com/np/categories/310657)\n        *   [밀크시슬](https://www.coupang.com/np/categories/310658)\n        *   [오메가/크릴오일](https://www.coupang.com/np/categories/509614)\n        *   [DHA](https://www.coupang.com/np/categories/310660)\n        *   [코엔자임Q10](https://www.coupang.com/np/categories/310661)\n        *   [히알루론산/콜라겐](https://www.coupang.com/np/categories/310662)\n        *   [효소](https://www.coupang.com/np/categories/310663)\n        *   [폴리코사놀](https://www.coupang.com/np/categories/310664)\n        *   [글루코사민](https://www.coupang.com/np/categories/310665)\n        *   [프로폴리스](https://www.coupang.com/np/categories/310666)\n        *   [쏘팔메토](https://www.coupang.com/np/categories/310667)\n        *   [보스웰리아](https://www.coupang.com/np/categories/509625)\n        *   [더보기](https://www.coupang.com/np/categories/310655)\n\n    *   [허브/식물추출물](https://www.coupang.com/np/categories/310694)\n\n        *   [석류](https://www.coupang.com/np/categories/310704)\n        *   [아사이베리](https://www.coupang.com/np/categories/310711)\n        *   [크랜베리](https://www.coupang.com/np/categories/310712)\n        *   [블루베리](https://www.coupang.com/np/categories/310713)\n        *   [클로렐라](https://www.coupang.com/np/categories/310705)\n        *   [쏘팔메토](https://www.coupang.com/np/categories/310719)\n        *   [루테인](https://www.coupang.com/np/categories/310718)\n        *   [빌베리](https://www.coupang.com/np/categories/310714)\n        *   [프로폴리스](https://www.coupang.com/np/categories/310717)\n        *   [로열젤리/벌화분](https://www.coupang.com/np/categories/310702)\n        *   [밀크시슬](https://www.coupang.com/np/categories/310716)\n        *   [징코](https://www.coupang.com/np/categories/310697)\n        *   [마카](https://www.coupang.com/np/categories/310698)\n        *   [더보기](https://www.coupang.com/np/categories/310694)\n\n    *   [홍삼/인삼](https://www.coupang.com/np/categories/311209)\n\n        *   [홍삼농축액/홍삼정](https://www.coupang.com/np/categories/311210)\n        *   [홍삼진액/파우치](https://www.coupang.com/np/categories/311211)\n        *   [홍삼정과/절편](https://www.coupang.com/np/categories/311212)\n        *   [홍삼캡슐](https://www.coupang.com/np/categories/311213)\n        *   [홍삼환](https://www.coupang.com/np/categories/311214)\n        *   [홍삼캔디/젤리](https://www.coupang.com/np/categories/311215)\n        *   [어린이홍삼](https://www.coupang.com/np/categories/311216)\n        *   [기타 홍삼](https://www.coupang.com/np/categories/311217)\n        *   [인삼/수삼/장뇌삼](https://www.coupang.com/np/categories/311218)\n\n    *   [건강즙/음료](https://www.coupang.com/np/categories/311219)\n\n        *   [배즙/도라지즙](https://www.coupang.com/np/categories/311223)\n        *   [양배추즙](https://www.coupang.com/np/categories/486650)\n        *   [비트/호박즙](https://www.coupang.com/np/categories/486651)\n        *   [ABC/석류/사과/포도](https://www.coupang.com/np/categories/311220)\n        *   [양파즙/마늘즙](https://www.coupang.com/np/categories/311224)\n        *   [기타건강즙](https://www.coupang.com/np/categories/311227)\n        *   [건강음료](https://www.coupang.com/np/categories/501428)\n\n    *   [꿀/프로폴리스](https://www.coupang.com/np/categories/501440)\n\n        *   [일반꿀](https://www.coupang.com/np/categories/501441)\n        *   [벌집꿀](https://www.coupang.com/np/categories/501442)\n        *   [로얄젤리](https://www.coupang.com/np/categories/501443)\n        *   [허니파우더/벌화분](https://www.coupang.com/np/categories/501444)\n        *   [프로폴리스](https://www.coupang.com/np/categories/501445)\n\n    *   [건강분말/건강환](https://www.coupang.com/np/categories/501446)\n\n        *   [건강환](https://www.coupang.com/np/categories/501447)\n        *   [건강분말](https://www.coupang.com/np/categories/501448)\n\n    *   [헬스보충식품](https://www.coupang.com/np/categories/310722)\n\n        *   [프로틴](https://www.coupang.com/np/categories/310723)\n        *   [크레아틴](https://www.coupang.com/np/categories/310731)\n        *   [아미노산](https://www.coupang.com/np/categories/310732)\n        *   [기타헬스보조제](https://www.coupang.com/np/categories/310744)\n\n    *   [다이어트/이너뷰티](https://www.coupang.com/np/categories/310745)\n\n        *   [탄수화물차단제](https://www.coupang.com/np/categories/310746)\n        *   [체지방감소제](https://www.coupang.com/np/categories/310750)\n        *   [다이어트 쉐이크](https://www.coupang.com/np/categories/310759)\n        *   [과일/야채음료](https://www.coupang.com/np/categories/501449)\n        *   [히알루론산/콜라겐](https://www.coupang.com/np/categories/501450)\n        *   [석류](https://www.coupang.com/np/categories/501451)\n        *   [기타다이어트식품](https://www.coupang.com/np/categories/310760)\n\n    *   [영양식/선식](https://www.coupang.com/np/categories/566996)\n\n        *   [건강회복식](https://www.coupang.com/np/categories/566997)\n        *   [성인분유](https://www.coupang.com/np/categories/566998)\n        *   [기타영양식](https://www.coupang.com/np/categories/566999)\n\n    *   [어린이 건강식품](https://www.coupang.com/np/categories/501398)\n\n        *   [비타민/미네랄](https://www.coupang.com/np/categories/501399)\n        *   [홍삼](https://www.coupang.com/np/categories/501400)\n        *   [칼슘](https://www.coupang.com/np/categories/501401)\n        *   [유산균/초유](https://www.coupang.com/np/categories/501402)\n        *   [오메가](https://www.coupang.com/np/categories/501403)\n        *   [기타 건강식품](https://www.coupang.com/np/categories/501404)\n\n    *   [홈트레이닝](https://www.coupang.com/np/categories/501452)\n\n        *   [스트레칭/마사지](https://www.coupang.com/np/categories/501453)\n        *   [유산소](https://www.coupang.com/np/categories/501462)\n        *   [근력](https://www.coupang.com/np/categories/501469)\n        *   [보호대/체중계](https://www.coupang.com/np/categories/501478)\n\n    *   [헬스/요가용품](https://www.coupang.com/np/categories/334193)\n\n        *   [요가/필라테스](https://www.coupang.com/np/categories/334194)\n        *   [근력운동](https://www.coupang.com/np/categories/334208)\n        *   [유산소운동](https://www.coupang.com/np/categories/334236)\n        *   [스트레칭/균형](https://www.coupang.com/np/categories/334251)\n        *   [헬스소품/보호대](https://www.coupang.com/np/categories/334259)\n        *   [운동측정용품](https://www.coupang.com/np/categories/334270)\n        *   [부위별 운동용품](https://www.coupang.com/np/categories/376551)\n\n    *   [건강가전](https://www.coupang.com/np/categories/310834)\n\n        *   [안마/찜질기](https://www.coupang.com/np/categories/310835)\n        *   [공기청정기/가습기](https://www.coupang.com/np/categories/501485)\n        *   [손소독/살균기](https://www.coupang.com/np/categories/310850)\n        *   [전동칫솔/살균기](https://www.coupang.com/np/categories/310841)\n        *   [비데](https://www.coupang.com/np/categories/310846)\n\n    *   [건강도서](https://www.coupang.com/np/categories/310856)\n\n        *   [다이어트](https://www.coupang.com/np/categories/310857)\n        *   [요가/체조/기타](https://www.coupang.com/np/categories/310858)\n        *   [한의학/한방치료](https://www.coupang.com/np/categories/310860)\n        *   [건강에세이](https://www.coupang.com/np/categories/310861)\n        *   [건강/다이어트요리](https://www.coupang.com/np/categories/310862)\n        *   [해외건강도서](https://www.coupang.com/np/categories/310863)\n\n    *   [더보기](https://www.coupang.com/np/categories/305798)\n\n[헬스/건강식품](https://www.coupang.com/np/campaigns/6585 \"헬스/건강식품\")![Image 34: 헬스/건강식품](https://pages.coupang.com/p/136938)\n\n티켓\n\n*   [여행/티켓](https://trip.coupang.com/?channel=category)\n\n[여행 홈 바로가기](https://trip.coupang.com/?channel=category)\n국내여행\n\n    *   [국내 티켓](https://www.coupang.com/np/categories/396467)\n\n        *   [테마파크](https://www.coupang.com/np/categories/396471)\n        *   [E쿠폰/호텔뷔페](https://www.coupang.com/np/categories/396478)\n        *   [스파/워터파크](https://www.coupang.com/np/categories/396472)\n        *   [키즈파크/키즈체험](https://www.coupang.com/np/categories/396473)\n        *   [액티비티/레저](https://www.coupang.com/np/categories/487364)\n        *   [공연/전시](https://www.coupang.com/np/categories/396477)\n        *   [유람선/요트/승선권](https://www.coupang.com/np/categories/396476)\n        *   [체험/원데이클래스](https://www.coupang.com/np/categories/487366)\n        *   [제주관광지](https://www.coupang.com/np/categories/396475)\n        *   [골프](https://www.coupang.com/np/categories/487365)\n        *   [테마카페/여행편의](https://www.coupang.com/np/categories/487367)\n\n    *   [국내 호텔/리조트](https://www.coupang.com/np/categories/396466) \n    *   [국내 펜션/캠핑](https://www.coupang.com/np/categories/396465) \n    *   [국내 패키지](https://www.coupang.com/np/categories/396470)\n\n        *   [제주항공권](https://www.coupang.com/np/categories/396482)\n        *   [제주여행](https://www.coupang.com/np/categories/396483)\n        *   [내륙버스여행](https://www.coupang.com/np/categories/396484)\n        *   [내륙기차여행](https://www.coupang.com/np/categories/396485)\n        *   [섬여행](https://www.coupang.com/np/categories/396486)\n        *   [내륙자유여행](https://www.coupang.com/np/categories/397386)\n\n    *   [국내 렌터카](https://www.coupang.com/np/categories/396468)\n\n        *   [제주](https://www.coupang.com/np/categories/396479)\n        *   [부산](https://www.coupang.com/np/categories/396519)\n        *   [서울](https://www.coupang.com/np/categories/396512)\n        *   [광주](https://www.coupang.com/np/categories/397383)\n        *   [경기](https://www.coupang.com/np/categories/396514)\n        *   [강원](https://www.coupang.com/np/categories/396515)\n        *   [전국 렌터카](https://www.coupang.com/np/categories/396480)\n\n해외여행\n\n    *   [해외 패키지](https://www.coupang.com/np/categories/396554)\n\n        *   [일본](https://www.coupang.com/np/categories/396560)\n        *   [동남아시아/방콕/싱가포르](https://www.coupang.com/np/categories/396559)\n        *   [괌/사이판/호주](https://www.coupang.com/np/categories/396563)\n        *   [유럽](https://www.coupang.com/np/categories/396565)\n        *   [대만/홍콩/마카오](https://www.coupang.com/np/categories/396562)\n        *   [미주/기타](https://www.coupang.com/np/categories/396564)\n        *   [중국](https://www.coupang.com/np/categories/396561)\n\n    *   [해외 항공+호텔](https://www.coupang.com/np/categories/396555)\n\n        *   [일본](https://www.coupang.com/np/categories/396567)\n        *   [동남아시아/방콕/싱가포르](https://www.coupang.com/np/categories/396566)\n        *   [괌/사이판/호주](https://www.coupang.com/np/categories/396570)\n        *   [유럽/미주/하와이](https://www.coupang.com/np/categories/396571)\n        *   [대만/홍콩/마카오](https://www.coupang.com/np/categories/396569)\n        *   [추천 항공권](https://www.coupang.com/np/categories/396581)\n\n    *   [해외 티켓](https://www.coupang.com/np/categories/396556)\n\n        *   [일본](https://www.coupang.com/np/categories/396573)\n        *   [동남아시아/방콕/싱가포르](https://www.coupang.com/np/categories/396576)\n        *   [괌/사이판/호주](https://www.coupang.com/np/categories/396577)\n        *   [유럽](https://www.coupang.com/np/categories/396579)\n        *   [미주/하와이](https://www.coupang.com/np/categories/396578)\n        *   [대만](https://www.coupang.com/np/categories/396575)\n        *   [홍콩/중국/마카오](https://www.coupang.com/np/categories/396574)\n\n    *   [해외 숙소](https://www.coupang.com/np/categories/396558) \n    *   [실시간항공권](https://www.coupang.com/np/categories/396580) \n\n[국내여행](https://pages.coupang.com/p/151102 \"국내여행\")![Image 35: 국내여행](https://pages.coupang.com/p/136938)\n\n테마관\n\n*   [테마관](javascript:;)\n\n    *   [R.LUX](https://www.coupang.com/np/campaigns/18530)\n\n        *   [뷰티](https://www.coupang.com/np/campaigns/18530)\n        *   [패션](https://www.coupang.com/np/campaigns/22131)\n\n    *   [로켓설치](https://www.coupang.com/np/campaigns/6733) \n    *   [공간별 집꾸미기](https://www.coupang.com/np/campaigns/2318) \n    *   [헬스케어 전문관](https://www.coupang.com/np/campaigns/13570) \n    *   [쿠팡 Only](https://www.coupang.com/np/campaigns/1440) \n    *   [싱글라이프](https://www.coupang.com/np/categories/433784)\n\n        *   [청소기/소형가전](https://www.coupang.com/np/categories/433785)\n        *   [세제/화장지](https://www.coupang.com/np/categories/433797)\n        *   [샤워/세안](https://www.coupang.com/np/categories/433841)\n        *   [세탁/청소용품](https://www.coupang.com/np/categories/433870)\n        *   [방범/호신용품](https://www.coupang.com/np/categories/433889)\n        *   [샐러드/시리얼](https://www.coupang.com/np/categories/433907)\n        *   [즉석식품/라면](https://www.coupang.com/np/categories/433973)\n        *   [반찬/간편조리식품](https://www.coupang.com/np/categories/434014)\n        *   [간식/베이커리](https://www.coupang.com/np/categories/434162)\n\n    *   [악기전문관](https://www.coupang.com/np/campaigns/11354) \n    *   [결혼준비](https://www.coupang.com/np/categories/416130)\n\n        *   [가전](https://www.coupang.com/np/categories/416131)\n        *   [가구/침구](https://www.coupang.com/np/categories/416248)\n        *   [주방용품](https://www.coupang.com/np/categories/416452)\n        *   [인테리어/소품](https://www.coupang.com/np/categories/416709)\n        *   [웨딩촬영](https://www.coupang.com/np/categories/417087)\n        *   [이벤트용품](https://www.coupang.com/np/categories/417095)\n        *   [웨딩케어](https://www.coupang.com/np/categories/417142)\n\n    *   [아트/공예](https://www.coupang.com/np/categories/410273)\n\n        *   [미술/화방용품](https://www.coupang.com/np/categories/410274)\n        *   [DIY소품만들기](https://www.coupang.com/np/categories/410506)\n        *   [손뜨개/자수](https://www.coupang.com/np/categories/410798)\n        *   [옷만들기/미싱](https://www.coupang.com/np/categories/410837)\n        *   [데코/포장용품](https://www.coupang.com/np/categories/410924)\n        *   [파티/이벤트](https://www.coupang.com/np/categories/410975)\n        *   [미술/DIY도서](https://www.coupang.com/np/categories/411023)\n        *   [정리/수납용품](https://www.coupang.com/np/categories/411038)\n\n    *   [미세먼지용품](https://www.coupang.com/np/campaigns/17593) \n    *   [홈카페](https://www.coupang.com/np/categories/316168)\n\n        *   [원두/커피](https://www.coupang.com/np/categories/316169)\n        *   [커피믹스](https://www.coupang.com/np/categories/488176)\n        *   [차/티백](https://www.coupang.com/np/categories/411234)\n        *   [카페시럽](https://www.coupang.com/np/categories/316179)\n        *   [커피머신/커피메이커](https://www.coupang.com/np/categories/316199)\n        *   [티포트/전기포트](https://www.coupang.com/np/categories/411299)\n        *   [제빙기/블렌더](https://www.coupang.com/np/categories/411304)\n        *   [로스터/그라인더](https://www.coupang.com/np/categories/411313)\n        *   [커피머신 액세서리](https://www.coupang.com/np/categories/411316)\n        *   [드립커피용품](https://www.coupang.com/np/categories/411322)\n        *   [라떼용품](https://www.coupang.com/np/categories/411328)\n        *   [티용품](https://www.coupang.com/np/categories/411332)\n        *   [컵/잔/텀블러](https://www.coupang.com/np/categories/316206)\n        *   [더보기](https://www.coupang.com/np/categories/316168)\n\n    *   [실버스토어](https://www.coupang.com/np/categories/383370)\n\n        *   [활동보조](https://www.coupang.com/np/categories/383371)\n        *   [위생/변기용품](https://www.coupang.com/np/categories/383377)\n        *   [목욕보조](https://www.coupang.com/np/categories/383391)\n        *   [건강관리](https://www.coupang.com/np/categories/383404)\n        *   [재활/운동기구](https://www.coupang.com/np/categories/383454)\n        *   [간병/보조용품](https://www.coupang.com/np/categories/383472)\n        *   [병원/의료용품](https://www.coupang.com/np/categories/383482)\n        *   [생활편의](https://www.coupang.com/np/categories/383492)\n        *   [의류/신발](https://www.coupang.com/np/categories/383497)\n        *   [온수/전기매트](https://www.coupang.com/np/categories/383506)\n        *   [환자식/건강식품](https://www.coupang.com/np/categories/383573)\n        *   [안전용품](https://www.coupang.com/np/categories/383615)\n        *   [식사관련용품](https://www.coupang.com/np/categories/383619)\n\n    *   [로켓펫닥터](https://www.coupang.com/np/campaigns/17993) \n\n[R.LUX](https://pages.coupang.com/p/54479 \"R.LUX\")![Image 36: R.LUX](https://pages.coupang.com/p/136938)\n\n입점/판매 신청\n\n*   [입점/판매 신청](javascript:;)\n\n*   [**로그인**](https://login.coupang.com/login/login.pang?rtnUrl=https%3A%2F%2Fwww.coupang.com%2Fnp%2Fpost%2Flogin%3Fr%3Dhttps%253A%252F%252Fpages.coupang.com%252Fp%252F136938 \"로그인\")\n*   [회원가입](https://login.coupang.com/login/memberJoinFrm.pang \"회원가입\")\n*   [고객센터](https://mc.coupang.com/ssr/desktop/contact/faq)\n[자주묻는 질문](https://mc.coupang.com/ssr/desktop/contact/faq)[1:1 채팅문의](https://mc.coupang.com/ssr/desktop/contact/inquiry)[고객의 소리](https://mc.coupang.com/ssr/desktop/contact/voc)[취소 / 반품 안내](https://www.coupang.com/returnPolicy.pang)\n\n*   [판매자 가입](https://wing.coupang.com/tenants/vendor-signup/signup?utm_source=button_pc_coupang_topbutton_improve_2C&utm_medium=non_paid&utm_id=onsite_ca&utm_content=202411)\n*   [즐겨찾기](https://pages.coupang.com/p/136938)\n*   [입점신청](https://pages.coupang.com/p/136938)\n[오픈마켓](https://marketplace.coupangcorp.com/s/?utm_source=button_pc&utm_medium=non_paid&utm_campaign=onsite_ca&utm_id=coupang_app?inflow=WEB_HEADER_B)[여행·티켓](https://with.coupang.com/contract/initialize?inflow=WEB_HEADER_B)[로켓배송](https://supplier.coupang.com/welcome/join)[제휴마케팅](https://partners.coupang.com/)[로켓그로스](https://sell.coupang.com/?utm_source=web_button_pc_rg&utm_medium=referral&utm_campaign=onsite_lead&utm_id=coupang_web?inflow=WEB_HEADER_B)\n\n* * *\n\n![Image 37](https://image11.coupangcdn.com/image/cmg/oms/banner/a7b12182-c478-4242-b310-179f002a0350_1080x310.png)\n\n이달의 주목할 신상품 추천\n\n[![Image 38](https://thumbnail.coupangcdn.com/thumbnails/remote/230x230ex/image/retail/images/2025/09/22/17/0/6fccde79-c0ba-47e4-a6aa-00eb4782d13b.jpg) ![Image 39: badge](https://image.coupangcdn.com/image/cmg/icon/ios/logo_rocket_large@3x.png) 일월 시그니처 초절전형 워셔블 카본 탄소 전기매트, 혼합색상, 싱글(90 x 180 cm) 23% 60,210 원 79,000원 ![Image 40: badge](https://image.coupangcdn.com/image/cmg/icon/ios/logo_rocket_large@3x.png)](https://www.coupang.com/vp/products/9084292342?itemId=26690036189&vendorItemId=93652279251&sourceType=cmgoms&subSourceType=cmgoms&omsPageId=136938&omsPageUrl=136938)\n\n[![Image 41](https://thumbnail.coupangcdn.com/thumbnails/remote/230x230ex/image/rs_quotation_api/vivnsryg/52436ed8d62840209e3da5807fcecf60.jpg) ![Image 42: badge](https://image.coupangcdn.com/image/badges/falcon/v1/web/rocket-fresh@2x.png) 미미네 서울떡볶이 (냉동), 465g, 1개 4,780 원 ![Image 43: badge](https://image.coupangcdn.com/image/badges/falcon/v1/web/rocket-fresh@2x.png)](https://www.coupang.com/vp/products/9052992151?itemId=26572173825&vendorItemId=93545701277&sourceType=cmgoms&subSourceType=cmgoms&omsPageId=136938&omsPageUrl=136938)\n\n[![Image 44](https://thumbnail.coupangcdn.com/thumbnails/remote/230x230ex/image/retail/images/2025/09/22/10/9/b284e977-b0bc-461e-8d52-21481b3c93a4.jpg) ![Image 45: badge](https://image.coupangcdn.com/image/cmg/icon/ios/logo_rocket_large@3x.png) 온더바디 닥터바세린 인텐시브 모이스처 바디로션, 1개, 465ml 29% 11,900 원 16,900원 ![Image 46: badge](https://image.coupangcdn.com/image/cmg/icon/ios/logo_rocket_large@3x.png)](https://www.coupang.com/vp/products/9080775057?itemId=26676353946&vendorItemId=93648596772&sourceType=cmgoms&subSourceType=cmgoms&omsPageId=136938&omsPageUrl=136938)\n\n[![Image 47](https://thumbnail.coupangcdn.com/thumbnails/remote/230x230ex/image/rs_quotation_api/8zjfwekf/7edf4c5cda7243b1bd98ab3bcc9c2b45.jpg) ![Image 48: badge](https://image.coupangcdn.com/image/cmg/icon/ios/logo_rocket_large@3x.png) 쉬즈홈 마리앤 피치스킨 차렵이불 세트 33% 29,900 원 44,900원 ![Image 49: badge](https://image.coupangcdn.com/image/cmg/icon/ios/logo_rocket_large@3x.png)](https://www.coupang.com/vp/products/63667011?itemId=26564207700&vendorItemId=93537847112&sourceType=cmgoms&subSourceType=cmgoms&omsPageId=136938&omsPageUrl=136938)\n\n[![Image 50](https://thumbnail.coupangcdn.com/thumbnails/remote/230x230ex/image/retail/images/2025/09/18/15/7/3c26660f-cf4c-469e-b47f-d3609289b31b.jpg) ![Image 51: badge](https://image.coupangcdn.com/image/cmg/icon/ios/logo_rocket_large@3x.png) 아이오페 콜라겐 부스터 레티노리프팅 크림, 1개, 50ml 49,000 원 ![Image 52: badge](https://image.coupangcdn.com/image/cmg/icon/ios/logo_rocket_large@3x.png)](https://www.coupang.com/vp/products/8924298096?itemId=26644161800&vendorItemId=93616769952&sourceType=cmgoms&subSourceType=cmgoms&omsPageId=136938&omsPageUrl=136938)\n\n[![Image 53](https://thumbnail.coupangcdn.com/thumbnails/remote/230x230ex/image/rs_quotation_api/ppgbkh52/3db65509916248e3bf12d957cb69d982.jpg) ![Image 54: badge](https://image.coupangcdn.com/image/cmg/icon/ios/logo_rocket_large@3x.png) 숀리 프라임 스텝퍼, 옐로우 5% 122,750 원 130,000원 쿠폰할인 ![Image 55: badge](https://image.coupangcdn.com/image/cmg/icon/ios/logo_rocket_large@3x.png)](https://www.coupang.com/vp/products/8873584121?itemId=25892046614&vendorItemId=93625476485&sourceType=cmgoms&subSourceType=cmgoms&omsPageId=136938&omsPageUrl=136938)\n\n[![Image 56](https://thumbnail.coupangcdn.com/thumbnails/remote/230x230ex/image/retail/images/2025/08/18/18/1/fc0281c3-011f-4e4f-969a-e777ed457b2a.jpg) ![Image 57: badge](https://image.coupangcdn.com/image/cmg/icon/ios/logo_rocket_large@3x.png) 캄스 S클래식 알루미늄 프레임 PC 하드캐리어 TSA락 46% 165,000 원 310,000원 쿠폰할인 ![Image 58: badge](https://image.coupangcdn.com/image/cmg/icon/ios/logo_rocket_large@3x.png)](https://www.coupang.com/vp/products/7449749204?itemId=19391418959&vendorItemId=93341824546&sourceType=cmgoms&subSourceType=cmgoms&omsPageId=136938&omsPageUrl=136938)\n\n[![Image 59](https://thumbnail.coupangcdn.com/thumbnails/remote/230x230ex/image/retail/images/2025/09/04/14/1/e2035d4c-270e-4f5c-9aba-7d59162c1d33.jpg) ![Image 60: badge](https://image.coupangcdn.com/image/cmg/icon/ios/logo_rocket_large@3x.png) 엔젯오리진 키즈 멀티 비타민 바이탈 구미 복숭아 레몬맛, 60정, 1개 9,900 원 ![Image 61: badge](https://image.coupangcdn.com/image/cmg/icon/ios/logo_rocket_large@3x.png)](https://www.coupang.com/vp/products/9064433460?itemId=26408078083&vendorItemId=93496346146&sourceType=cmgoms&subSourceType=cmgoms&omsPageId=136938&omsPageUrl=136938)\n\n[![Image 62](https://thumbnail.coupangcdn.com/thumbnails/remote/230x230ex/image/retail/images/166992158201354-b03ad65a-ccef-437d-8722-0888e316b5f2.jpg) ![Image 63: badge](https://image.coupangcdn.com/image/cmg/icon/ios/logo_rocket_large@3x.png) 홈플래닛 무드 라이팅 미스트 분사 미니 가습기 600ml, 화이트, LLD-J261 36% 9,990 원 15,800원 ![Image 64: badge](https://image.coupangcdn.com/image/cmg/icon/ios/logo_rocket_large@3x.png)](https://www.coupang.com/vp/products/8844278766?itemId=25778505470&vendorItemId=92766469030&sourceType=cmgoms&subSourceType=cmgoms&omsPageId=136938&omsPageUrl=136938)\n\n[![Image 65](https://thumbnail.coupangcdn.com/thumbnails/remote/230x230ex/image/rs_quotation_api/qltiedn8/c7131634f7d0406eb0f95a8198e7301c.jpg) ![Image 66: badge](https://image.coupangcdn.com/image/badges/rocket-install/v3/aos_2/rocket_install_xhdpi.png) 도모 벨리나 패브릭 2인용 소파 우형+ 스툴 + 쿠션 2p 세트 방문설치, 블랙 209,000 원 ![Image 67: badge](https://image.coupangcdn.com/image/badges/rocket-install/v3/aos_2/rocket_install_xhdpi.png)](https://www.coupang.com/vp/products/8326625579?itemId=26256839667&vendorItemId=93235623170&sourceType=cmgoms&subSourceType=cmgoms&omsPageId=136938&omsPageUrl=136938)\n\n[![Image 68](https://thumbnail.coupangcdn.com/thumbnails/remote/230x230ex/image/retail/images/138824547276034-71cc69ae-259c-462c-9a01-dfc0c7f6cce3.jpg) ![Image 69: badge](https://image.coupangcdn.com/image/cmg/icon/ios/logo_rocket_large@3x.png) BRUNO 이중단열 SUS304 무선 전기포트 1.6L, BK-2503 30% 22,900 원 32,900원 ![Image 70: badge](https://image.coupangcdn.com/image/cmg/icon/ios/logo_rocket_large@3x.png)](https://www.coupang.com/vp/products/8798712315?itemId=25617689947&vendorItemId=92608071599&sourceType=cmgoms&subSourceType=cmgoms&omsPageId=136938&omsPageUrl=136938)\n\n[![Image 71](https://thumbnail.coupangcdn.com/thumbnails/remote/230x230ex/image/retail/images/2025/08/21/17/5/2f99d9bd-2d21-4755-8283-1e1c9506180c.jpg) ![Image 72: badge](https://image.coupangcdn.com/image/cmg/icon/ios/logo_rocket_large@3x.png) 그린허그 커피향 풉백 똥츄 배변봉투, 18개, 15개입, 혼합색상 30% 13,800 원 19,800원 ![Image 73: badge](https://image.coupangcdn.com/image/cmg/icon/ios/logo_rocket_large@3x.png)](https://www.coupang.com/vp/products/9053265298?itemId=26398697155&vendorItemId=93468972248&sourceType=cmgoms&subSourceType=cmgoms&omsPageId=136938&omsPageUrl=136938)\n\n![Image 74](https://image11.coupangcdn.com/image/cmg/oms/banner/c01b10f4-2874-4eb4-9240-d23722af84c3_1080x166.png)\n\n[](https://pages.coupang.com/p/156373?sourceType=cmgoms&subSourceType=cmgoms)\n\n![Image 75](https://image11.coupangcdn.com/image/cmg/oms/banner/589b53d5-4e15-43d5-8681-9a061c81678a_1080x150.png)\n\n![Image 76](https://image11.coupangcdn.com/image/cmg/oms/banner/292b6728-d8b3-452f-9841-9bcb713aaf16_1080x284.png)\n\n_1_/4\n\n[![Image 77](https://thumbnail.coupangcdn.com/thumbnails/remote/230x230ex/image/retail/images/2025/09/19/11/9/c90a9940-c317-4bfc-a26f-62d77eb1cd48.jpg) 이니스프리 그린티 세라마이드 크림, 50ml, 1개 42%~~ 27,000원 ~~ **15,620**원 (10ml당 3,124원) ![Image 78](https://image.coupangcdn.com/image/cmg/icon/ios/logo_rocket_large@3x.png) 내일(토) 도착 보장 (29) ![Image 79](https://image.coupangcdn.com/image/badges/cashback/web/list-cash-icon@2x.png)최대 741원 적립](https://www.coupang.com/vp/products/9104311253?itemId=26767030319&vendorItemId=93625192122&sourceType=cmgoms&subSourceType=cmgoms&omsPageId=136938&omsPageUrl=136938)\n\n[![Image 80](https://thumbnail.coupangcdn.com/thumbnails/remote/230x230ex/image/retail/images/2025/09/19/11/4/78f153fd-befd-4a8e-9bfd-a3dbb6142484.jpg) 이니스프리 그린티 세라마이드 밀크 에센스, 1개, 160ml 쿠폰할인 37%~~ 22,000원 ~~ **13,720**원 (10ml당 858원) ![Image 81](https://image.coupangcdn.com/image/cmg/icon/ios/logo_rocket_large@3x.png) 내일(토) 도착 보장 (49) ![Image 82](https://image.coupangcdn.com/image/badges/cashback/web/list-cash-icon@2x.png)최대 649원 적립 ![Image 83](https://image.coupangcdn.com/image/badges/coupon/common/coupon.png)추가할인 쿠폰](https://www.coupang.com/vp/products/9066331990?itemId=26624196293&vendorItemId=93625387696&sourceType=cmgoms&subSourceType=cmgoms&omsPageId=136938&omsPageUrl=136938)\n\n[![Image 84](https://thumbnail.coupangcdn.com/thumbnails/remote/230x230ex/image/retail/images/2025/09/18/18/3/879f8153-2fe9-464a-a2ce-09be99e92582.jpg) 이니스프리 그린티 세라마이드 밀크 에센스 3종 세트, 1세트 쿠폰할인 37%~~ 22,000원 ~~ **13,720**원 ![Image 85](https://image.coupangcdn.com/image/cmg/icon/ios/logo_rocket_large@3x.png) 내일(토) 도착 보장 (11) ![Image 86](https://image.coupangcdn.com/image/badges/cashback/web/list-cash-icon@2x.png)최대 643원 적립 ![Image 87](https://image.coupangcdn.com/image/badges/coupon/common/coupon.png)추가할인 쿠폰](https://www.coupang.com/vp/products/9072531901?itemId=26645735262&vendorItemId=93618339682&sourceType=cmgoms&subSourceType=cmgoms&omsPageId=136938&omsPageUrl=136938)\n\n[![Image 88](https://thumbnail.coupangcdn.com/thumbnails/remote/230x230ex/image/retail/images/2025/09/18/18/1/06873eba-389d-47e4-b273-1624b7c5c381.jpg) ![Image 89](https://image.coupangcdn.com/image/badges/cash_amassment/web/cash_2x.png) 135원 캐시 적립 이니스프리 그린티 세라마이드 밀크 에센스 리필, 1개, 160ml 25%~~ 18,000원 ~~ **13,500**원 (10ml당 844원) ![Image 90](https://image.coupangcdn.com/image/cmg/icon/ios/logo_rocket_large@3x.png) 내일(토) 도착 보장 (10) ![Image 91](https://image.coupangcdn.com/image/badges/cashback/web/list-cash-icon@2x.png)최대 641원 적립](https://www.coupang.com/vp/products/9072531900?itemId=26645735261&vendorItemId=93618339669&sourceType=cmgoms&subSourceType=cmgoms&omsPageId=136938&omsPageUrl=136938)\n\n[![Image 92](https://thumbnail.coupangcdn.com/thumbnails/remote/230x230ex/image/retail/images/2025/09/18/15/4/f12688fc-2f03-427a-b2da-bfe032430d22.jpg) 이니스프리 그린티 세라마이드 크림 튜브형, 80ml, 1개 6%~~ 38,000원 ~~ **35,360**원 (10ml당 4,420원) ![Image 93](https://image.coupangcdn.com/image/cmg/icon/ios/logo_rocket_large@3x.png) 내일(토) 도착 보장 (10) ![Image 94](https://image.coupangcdn.com/image/badges/cashback/web/list-cash-icon@2x.png)최대 1,680원 적립](https://www.coupang.com/vp/products/9104311224?itemId=26644652504&vendorItemId=93617283266&sourceType=cmgoms&subSourceType=cmgoms&omsPageId=136938&omsPageUrl=136938)\n\n![Image 95](https://image11.coupangcdn.com/image/cmg/oms/banner/35dabfae-d117-41e8-877c-3e420b3c54a2_1080x284.png)\n\n_1_/2\n\n[![Image 96](https://thumbnail.coupangcdn.com/thumbnails/remote/230x230ex/image/retail/images/2025/09/15/9/6/837ddb36-0817-428d-9355-18b1d117541a.jpg) 해천 해선간장, 500ml, 1개 44%~~ 5,840원 ~~ **3,270**원 (100ml당 654원) ![Image 97](https://image.coupangcdn.com/image/cmg/icon/ios/logo_rocket_large@3x.png) 내일(토) 도착 보장 (49) ![Image 98](https://image.coupangcdn.com/image/badges/cashback/web/list-cash-icon@2x.png)최대 139원 적립](https://www.coupang.com/vp/products/9063078403?itemId=26610334746&vendorItemId=93583415939&sourceType=cmgoms&subSourceType=cmgoms&omsPageId=136938&omsPageUrl=136938)\n\n[![Image 99](https://thumbnail.coupangcdn.com/thumbnails/remote/230x230ex/image/retail/images/2025/09/15/15/6/5acaf942-4a4d-4c6c-baa8-0abb93aad6e9.jpg) 해천 사조대림 미극선 간장, 750ml, 1개 40%~~ 7,880원 ~~ **4,680**원 (100ml당 624원) ![Image 100](https://image.coupangcdn.com/image/cmg/icon/ios/logo_rocket_large@3x.png) 내일(토) 도착 보장 (40) ![Image 101](https://image.coupangcdn.com/image/badges/cashback/web/list-cash-icon@2x.png)최대 199원 적립](https://www.coupang.com/vp/products/9063978781?itemId=26614311484&vendorItemId=93587332271&sourceType=cmgoms&subSourceType=cmgoms&omsPageId=136938&omsPageUrl=136938)\n\n[![Image 102](https://thumbnail.coupangcdn.com/thumbnails/remote/230x230ex/image/rs_quotation_api/wkty7ati/a4db7c3c5d87403a87973a04e67dfcd2.jpg) 해천 사조대림 미극선 간장, 1.9L, 1개 28%~~ 13,880원 ~~ **9,990**원 (100ml당 526원) ![Image 103](https://image.coupangcdn.com/image/cmg/icon/ios/logo_rocket_large@3x.png) 내일(토) 도착 보장 (40) ![Image 104](https://image.coupangcdn.com/image/badges/cashback/web/list-cash-icon@2x.png)최대 425원 적립](https://www.coupang.com/vp/products/9063978781?itemId=26614311486&vendorItemId=93587332272&sourceType=cmgoms&subSourceType=cmgoms&omsPageId=136938&omsPageUrl=136938)\n\n[![Image 105](https://thumbnail.coupangcdn.com/thumbnails/remote/230x230ex/image/retail/images/2025/09/29/14/3/17c866d0-9cbe-4168-9a55-7f1fc5447f26.jpg) 해천 진선 굴소스, 520g, 1개 21%~~ 5,480원 ~~ **4,300**원 (100g당 827원) ![Image 106](https://image.coupangcdn.com/image/cmg/icon/ios/logo_rocket_large@3x.png) 내일(토) 도착 보장 (39) ![Image 107](https://image.coupangcdn.com/image/badges/cashback/web/list-cash-icon@2x.png)최대 183원 적립](https://www.coupang.com/vp/products/9096693448?itemId=26738968668&vendorItemId=93710252257&sourceType=cmgoms&subSourceType=cmgoms&omsPageId=136938&omsPageUrl=136938)\n\n[![Image 108](https://thumbnail.coupangcdn.com/thumbnails/remote/230x230ex/image/retail/images/2025/09/26/15/1/ca2526eb-acd7-4daa-afd8-5a5f4f34996f.jpg) 해천 치킨스톡, 540g, 1개 25%~~ 13,450원 ~~ **9,980**원 (100g당 1,848원) ![Image 109](https://image.coupangcdn.com/image/cmg/icon/ios/logo_rocket_large@3x.png) 내일(토) 도착 보장 (28) ![Image 110](https://image.coupangcdn.com/image/badges/cashback/web/list-cash-icon@2x.png)최대 424원 적립](https://www.coupang.com/vp/products/9091499478?itemId=26718320075&vendorItemId=93689906794&sourceType=cmgoms&subSourceType=cmgoms&omsPageId=136938&omsPageUrl=136938)\n\n![Image 111](https://image11.coupangcdn.com/image/cmg/oms/banner/b5649bb5-6fcb-4614-a629-e9c2df64115f_1080x284.png)\n\n*   [침구/가구](https://pages.coupang.com/p/136938#widget_26192912)\n*   [인테리어용품](https://pages.coupang.com/p/136938#widget_26193078)\n*   [뷰티](https://pages.coupang.com/p/136938#widget_26193142)\n*   [키친](https://pages.coupang.com/p/136938#widget_26193155)\n*   [식품](https://pages.coupang.com/p/136938#widget_28605870)\n*   [패션의류](https://pages.coupang.com/p/136938#widget_28605951)\n*   [스포츠/레저용품](https://pages.coupang.com/p/136938#widget_28605996)\n*   [패션잡화](https://pages.coupang.com/p/136938#widget_28606096)\n*   [출산/유아](https://pages.coupang.com/p/136938#widget_28606189)\n*   [가전디지털](https://pages.coupang.com/p/136938#widget_28606287)\n*   [자동차용품](https://pages.coupang.com/p/136938#widget_28606391)\n*   [생활용품](https://pages.coupang.com/p/136938#widget_28606435)\n*   [문구/사무용품](https://pages.coupang.com/p/136938#widget_28606470)\n*   [완구/취미](https://pages.coupang.com/p/136938#widget_28606542)\n*   [반려/애완용품](https://pages.coupang.com/p/136938#widget_28608207)\n*   [로켓프레시](https://pages.coupang.com/p/136938#widget_28608365)\n*   [도서/음반](https://pages.coupang.com/p/136938#widget_28608277)\n*   [](https://pages.coupang.com/p/136938)\n*   [](https://pages.coupang.com/p/136938)\n*   [](https://pages.coupang.com/p/136938)\n\n![Image 112](https://front.coupangcdn.com/oms/zelda/_platform/_nuxt/ic_dropdown.6f182250.svg)맨위로\n\n*   [![Image 113](https://image.coupangcdn.com/image/displayitem/displayitem_8ad9b5e0-fd76-407b-b820-6494f03ffc31.jpg)](https://www.coupang.com/np/campaigns/1440)\n*   [![Image 114](https://image.coupangcdn.com/image/displayitem/displayitem_55f4b7a4-d5b2-4c1c-9ed8-b659a0bfdf43.jpg)](https://pages.coupang.com/p/78273)\n*   [![Image 115](https://image.coupangcdn.com/image/displayitem/displayitem_eea963ab-9659-4fb7-87c4-36be5b82917a.png)](https://www.coupang.com/np/categories/510691)\n*   [![Image 116](https://image.coupangcdn.com/image/displayitem/displayitem_ad84783d-4811-49c6-99e8-79a1085b0d8b.png)](https://pages.coupang.com/p/68594)\n*   [![Image 117](https://image.coupangcdn.com/image/displayitem/displayitem_92caf13f-61ae-4634-83c5-124d84633848.png)](https://wing.coupang.com/tenants/vendor-signup/signup?utm_source=button_pc_coupang_web_rignt_wing&utm_medium=non_paid&utm_id=onsite_ca&utm_content=20240516)\n\n[**장바구니**_0_](https://cart.coupang.com/cartView.pang \"장바구니\")\n\n**최근본상품**_0_\n\n*   최근본 상품이\n\n없습니다.\n\n/[prev](https://pages.coupang.com/p/%EC%9D%B4%EC%A0%84%20%ED%8E%98%EC%9D%B4%EC%A7%80%20%EB%B3%B4%EA%B8%B0 \"이전 페이지 보기\")[next](https://pages.coupang.com/p/%EB%8B%A4%EC%9D%8C%20%ED%8E%98%EC%9D%B4%EC%A7%80%20%EB%B3%B4%EA%B8%B0 \"다음 페이지 보기\")\n\n[top](javascript:; \"맨 위로 가기\")[up](javascript:; \"up\")[down](javascript:; \"down\")\n\n[회사소개](https://news.coupang.com/)[Investor Relations](https://ir.aboutcoupang.com/overview/default.aspx)[인재채용](https://rocketyourcareer.kr.coupang.com/)[입점/제휴문의](https://marketplace.coupangcorp.com/s/?utm_source=button_pc&utm_medium=non_paid&utm_campaign=onsite_ca&utm_id=coupang_app?inflow=WEB_FOOTER_B)[공지사항](https://mc.coupang.com/ssr/desktop/contact/notice)[고객의 소리](https://mc.coupang.com/ssr/desktop/contact/voc)[이용약관](https://www.coupang.com/np/policies/terms)[개인정보 처리방침](https://privacy.coupang.com/ko/center/coupang)[정보보호/개인정보보호 인증](https://privacy.coupang.com/ko/security/status)[쿠팡페이 이용약관](https://rocketpay.coupang.com/rocketpay/operationTerms/coupangPcFooter)[신뢰관리센터](https://www.coupang.com/np/safety)[제휴마케팅](https://partners.coupang.com/)[광고안내](https://ads.coupang.com/)\n\nGlobal Site\n\n \n*   [Coupang Taiwan 酷澎台灣](https://www.tw.coupang.com/)\n\n[COUPANG](https://www.coupang.com/ \"COUPANG\")\n\n 상호명 및 호스팅 서비스 제공 : 쿠팡(주)\n\n 대표이사 : 박대준\n\n 서울시 송파구 송파대로 570 \n\n 사업자 등록번호 : 120-88-00767 \n\n 통신판매업신고 : 2017-서울송파-0680\n\n[사업자정보 확인 >](http://www.ftc.go.kr/info/bizinfo/communicationViewPopup.jsp?wrkr_no=1208800767 \"사업자정  보 확인\")\n\n[**365고객센터** | 전자금융거래분쟁처리담당 _1577-7011 (유료)_ 서울시 송파구 송파대로 570 email : help@coupang.com](https://mc.coupang.com/ssr/desktop/contact/inquiry \"365 고객센터\")\n\n**채무지급보증 안내**\n\n 당사는 고객님이 현금 결제한 금액에 대해\n\n채무지급보증 계약을 체결하여\n\n안전거래를 보장하고 있습니다.\n\n[서비스 가입사실 확인 >](javascript:; \"서비스 가입사실 확인\")\n\n사이버몰 내 판매되는 상품 중에는 쿠팡에 등록한 개별 판매자가 판매하는 마켓플레이스(오픈마켓) 상품이 포함되어 있습니다. \n\n 마켓플레이스(오픈마켓) 상품의 경우 쿠팡은 통신판매중개자이며 통신판매의 당사자가 아닙니다. \n\n쿠팡은 마켓플레이스(오픈마켓) 상품, 거래정보 및 거래 등에 대하여 책임을 지지 않습니다. \n\n 쿠팡은 소비자 보호와 안전거래를 위해 신뢰관리센터(CM112@coupang.com)를 운영하고 있으며, 관련 분쟁이 발생할 경우 별도의 분쟁 처리절차에 의거 분쟁이 처리됩니다.\n\n Copyright © Coupang Corp. 2010-2025 All Rights Reserved.\n\n*   [쿠팡 페이스북](https://www.facebook.com/Coupang.korea \"쿠팡 페이스북\")\n*   [쿠팡 뉴스룸](https://news.coupang.com/ \"쿠팡 뉴스룸\")\n*   [쿠팡 인스타그램](https://www.instagram.com/coupang \"쿠팡 인스타그램\")"
      },
      {
        "platform": "coupang",
        "title": "스테이크 - 소고기",
        "url": "https://www.coupang.com/np/categories/194721",
        "snippet": "쿠팡에서 스테이크 특가를 살펴보세요. 다양한 소고기 제품을 원하는 조건별로 확인할 수 있습니다. 와우회원은 무료 배송 혜택도 누릴 수 있어요.",
        "score": 0.121487826,
        "timestamp": "2025-11-29T02:23:22.759331",
        "raw_content": null
      },
      {
        "platform": "coupang",
        "title": "coupang.com/vp/products/43848315?itemId=14777560826...",
        "url": "https://www.coupang.com/vp/products/43848315?itemId=14777560826&vendorItemId=89153778253&isAddedCart;=",
        "snippet": "쿠팡 .",
        "score": 0.10923949,
        "timestamp": "2025-11-29T02:23:22.759333",
        "raw_content": null
      },
      {
        "platform": "coupang",
        "title": "coupang.com/?weblogMode=production&landingType=UNKNOWN...",
        "url": "https://www.coupang.com/?weblogMode=production&landingType=UNKNOWN&mcid=UNKNOWN",
        "snippet": "Image 67: 엠토이 304 스테인리스 스틸 논스틱 스노우 편수냄비, 1개, 16cm, 그레이 지금 52% 할인 중 엠토이 304 스테인리스 스틸 논스틱 스노우 편수냄비, 1개, 16cm, 그레이 10,960 원Image 68 100%(237)\n   Image 69: 투니스 남녀 공용 패치워크 스트라이프 발목 양말 7개입 지금 25% 할인 중 투니스 남녀 공용 패치워크 스트라이프 발목 양말 7개입 7,890 원Image 70 80%(271)\n   Image 71: Tiger Pavilion 이동식 트롤리 보관함 3단, 화이트 지금 37% 할인 중 Tiger Pavilion 이동식 트롤리 보관함 3단, 화이트 4,990 원Image 72 80%(1,161)\n   Image 73: 센카 퍼펙트 휩 페이셜 워시 클렌징폼, 120g, 2개 지금 57% 할인 중 센카 퍼펙트 휩 페이셜 워시 클렌징폼, 120g, 2개 9,400 원Image 74 90%(49,511) [...] Image 87: 노스페이스 남녀공용 캐주얼 야구모자 4VSVKY4 지금 24% 할인 중 노스페이스 남녀공용 캐주얼 야구모자 4VSVKY4 21,710 원Image 88 90%(79)\n   Image 89: 2개입 세트 욕실매트 발매트 주방 현관 매트 미끄럼방지 발매트, B 지금 67% 할인 중 2개입 세트 욕실매트 발매트 주방 현관 매트 미끄럼방지 발매트, B 9,690 원Image 90 90%(40)\n   Image 91: Tiger Pavilion 계란말이 프라이팬, 1개, 36.5cm 지금 30% 할인 중 Tiger Pavilion 계란말이 프라이팬, 1개, 36.5cm 6,990 원Image 92 80%(20) [...] 이전 상품 보기다음 상품 보기\n\nImage 95\n\nImage 96\n\nImage 97\n\nImage 98\n\nImage 99\n\nImage 100\n\nLoading...\n\n회사소개Investor Relations인재채용입점/제휴문의공지사항고객의 소리이용약관개인정보 처리방침정보보호/개인정보보호 인증쿠팡페이 이용약관신뢰관리센터제휴마케팅광고안내\n\nGlobal Site\n\n   Coupang Taiwan 酷澎台灣\n\nImage 101\n\n상호명 및 호스팅 서비스 제공 : 쿠팡(주) \n\n 대표이사 : 박대준 \n\n 서울시 송파구 송파대로 570 \n\n 사업자 등록번호 : 120-88-00767 \n\n 통신판매업신고 : 2017-서울송파-0680 \n\n사업자정보 확인 >\n\n365고객센터 | 전자금융거래분쟁처리담당 _1577-7011 (유료)_ 서울시 송파구 송파대로 570 email : help@coupang.com\n\n채무지급보증 안내\n\n 당사는 고객님이 현금 결제한 금액에 대해",
        "score": 0.10503621,
        "timestamp": "2025-11-29T02:23:22.759334",
        "raw_content": "로켓배송으로 빠르게, 로켓와우 멤버십으로 할인과 무료 반품까지 | 쿠팡\n\n===============\n\n[![Image 1](https://static.coupangcdn.com/ea/cmg_paperboy/image/1646271114206/C0-Left_basic.jpg)](https://www.coupang.com/np/campaigns/82?adType=DA&eventId=ldIPpQWMtcwshIeZ)[![Image 2](https://static.coupangcdn.com/ya/cmg_paperboy/image/1764139787980/C0.jpg)](https://pages.coupang.com/p/157429?adType=DA&eventId=A3fLxbj39nZyVoNW)\n\n[X](https://www.coupang.com/?weblogMode=production&landingType=UNKNOWN&mcid=UNKNOWN)\n\n*   [판매자 가입](https://wing.coupang.com/tenants/vendor-signup/signup?utm_source=button_pc_coupang_app_category_3&utm_medium=non_paid&utm_id=onsite_ca&utm_content=20240328)\n*   [고객센터](https://mc.coupang.com/ssr/desktop/contact/faq)\n[자주묻는 질문](https://mc.coupang.com/ssr/desktop/contact/faq)[1:1 채팅문의](https://mc.coupang.com/ssr/desktop/contact/inquiry)[고객의 소리](https://mc.coupang.com/ssr/desktop/contact/voc)[취소 / 반품 안내](https://www.coupang.com/returnPolicy.pang)\n\n*   [회원가입](https://login.coupang.com/login/memberJoinFrm.pang \"회원가입\")\n*   [로그인](https://login.coupang.com/login/login.pang?rtnUrl=https%3A%2F%2Fwww.coupang.com%2Fnp%2Fpost%2Flogin%3Fr%3Dhttp%253A%252F%252Fwww.coupang.com%252F%253FweblogMode%253Dproduction%2526landingType%253DUNKNOWN%2526mcid%253DUNKNOWN \"로그인\")\n*   [즐겨찾기](https://www.coupang.com/?weblogMode=production&landingType=UNKNOWN&mcid=UNKNOWN)\n*   [입점신청](https://www.coupang.com/?weblogMode=production&landingType=UNKNOWN&mcid=UNKNOWN)\n[오픈마켓](https://marketplace.coupangcorp.com/s/?utm_source=button_pc&utm_medium=non_paid&utm_campaign=onsite_ca&utm_id=coupang_app)[여행·티켓](https://with.coupang.com/contract/initialize)[로켓배송](https://supplier.coupang.com/welcome/join)[제휴마케팅](https://partners.coupang.com/)[로켓그로스](https://sell.coupang.com/?utm_source=web_button_pc_rg&utm_medium=referral&utm_campaign=onsite_lead&utm_id=coupang_web?inflow=WEB_HEADER_B)\n\n.\n\n카테고리\n\n쇼핑\n\n티켓\n\n테마관\n\n*   [입점/판매 신청](https://wing.coupang.com/tenants/vendor-signup/signup?utm_source=button_pc_coupang_app_category_3&utm_medium=non_paid&utm_id=onsite_ca&utm_content=20240328)\n\n[![Image 3: Coupang](https://image7.coupangcdn.com/image/coupang/common/logo_coupang_w350.png)](https://www.coupang.com/)\n\n[전체](https://www.coupang.com/?weblogMode=production&landingType=UNKNOWN&mcid=UNKNOWN)\n\n전체삭제 최근검색어끄기\n\n[](https://www.coupang.com/?weblogMode=production&landingType=UNKNOWN&mcid=UNKNOWN)![Image 4](https://front.coupangcdn.com/front-web-next/_next/static/media/search.85cd3dbf.png)\n*   [![Image 5](https://front.coupangcdn.com/front-web-next/_next/static/media/person.07e45e52.png)마이쿠팡](https://mc.coupang.com/ssr/desktop/order/list)\n[주문목록](https://mc.coupang.com/ssr/desktop/order/list)[취소/반품](https://mc.coupang.com/ssr/desktop/cancel-return-exchange/list)[찜 리스트](https://wish-web.coupang.com/wishInitView.pang)\n\n*   [![Image 6](https://front.coupangcdn.com/front-web-next/_next/static/media/cart.ccef8f9e.png)_0_ 장바구니](https://cart.coupang.com/cartView.pang)\n\n  \n\n    *   장바구니에 담긴 상품이 없습니다.\n\n[장바구니 전체보기](https://cart.coupang.com/cartView.pang)\n\n[](https://www.coupang.com/?weblogMode=production&landingType=UNKNOWN&mcid=UNKNOWN)\n\n*   [![Image 7: 쿠팡플레이](https://image.coupangcdn.com/image/coupang/home/icons/web/kr/coupang-play.png)쿠팡플레이](https://www.coupangplay.com/catalog)\n*   [![Image 8: 로켓배송](https://image.coupangcdn.com/image/coupang/home/icons/web/kr/rocket-delivery.png)로켓배송](https://www.coupang.com/np/campaigns/82)\n*   [![Image 9: 로켓프레시](https://image.coupangcdn.com/image/coupang/home/icons/web/kr/rocket-fresh.png)로켓프레시](https://www.coupang.com/np/categories/393760)\n*   [![Image 10: 크리스마스](https://image.coupangcdn.com/image/coupang/home/icons/Christmas/Christmas_PC_2025.png)크리스마스](https://pages.coupang.com/p/158677)\n*   [![Image 11: 다시 구매](https://image.coupangcdn.com/image/coupang/common/fbi_icon_3x.png)다시 구매](https://www.coupang.com/np/fbi?sourceType=home_section_fbi)\n*   [![Image 12: 쿠팡비즈](https://image.coupangcdn.com/image/coupang/home/icons/web/kr/biz.png)쿠팡비즈](https://login.coupang.com/corporation/member/landing-page)\n*   [![Image 13: 로켓직구](https://image.coupangcdn.com/image/coupang/home/icons/web/kr/oversea-delivery.png)로켓직구](https://www.coupang.com/np/coupangglobal)\n*   [![Image 14: 골드박스](https://image.coupangcdn.com/image/coupang/home/icons/web/kr/gold-box.png)골드박스](https://pages.coupang.com/p/121237?sourceType=gm_crm_goldbox&subSourceType=gm_crm_gwsrtcut)\n*   [![Image 15: 이달의신상](https://image.coupangcdn.com/image/coupang/home/icons/web/kr/new-item-of-month.png)이달의신상](https://pages.coupang.com/p/136938)\n*   [![Image 16: 판매자특가](https://image.coupangcdn.com/image/coupang/home/icons/web/kr/omp.png)판매자특가](https://www.coupang.com/np/omp)\n*   [![Image 17: 와우회원할인](https://image.coupangcdn.com/image/coupang/home/icons/web/kr/wow.png)와우회원할인](https://www.coupang.com/np/campaigns/83)\n*   [![Image 18: 이벤트/쿠폰](https://image.coupangcdn.com/image/coupang/home/icons/web/kr/benefit.png)이벤트/쿠폰](https://www.coupang.com/np/coupangbenefit)\n*   [![Image 19: 반품마켓](https://image.coupangcdn.com/image/coupang/home/icons/web/kr/returned-market.png)반품마켓](https://pages.coupang.com/p/54908)\n*   [![Image 20: 착한상점](https://image.coupangcdn.com/image/coupang/home/icons/web/kr/sustainable-market.png)착한상점](https://pages.coupang.com/p/63240)\n*   [![Image 21: 기획전](https://image.coupangcdn.com/image/coupang/home/icons/web/kr/event.png)기획전](https://pages.coupang.com/p/bep?sourceType=gm_crm_oms&subSourceType=gm_crm_gwsrtcut)\n*   [![Image 22: 쿠팡트래블](https://image.coupangcdn.com/image/coupang/home/icons/web/kr/travel.png)쿠팡트래블](https://trip.coupang.com/?channel=gnb)\n*   [![Image 23: 입점신청](https://image.coupangcdn.com/image/coupang/home/icons/web/kr/sell-on-coupang.png)입점신청](https://wing.coupang.com/tenants/vendor-signup/signup?utm_source=button_pc_coupang_shortcut_1&utm_medium=non_paid&utm_id=onsite_ca&utm_content=202411)\n\n[](https://www.coupang.com/?weblogMode=production&landingType=UNKNOWN&mcid=UNKNOWN)\n\n[전체](https://www.coupang.com/?weblogMode=production&landingType=UNKNOWN&mcid=UNKNOWN#)\n*   [전체](https://www.coupang.com/?weblogMode=production&landingType=UNKNOWN&mcid=UNKNOWN#)\n\n전체삭제 최근검색어끄기\n\n[](https://www.coupang.com/?weblogMode=production&landingType=UNKNOWN&mcid=UNKNOWN)![Image 24](https://front.coupangcdn.com/front-web-next/_next/static/media/search.85cd3dbf.png)\n\n[](https://www.coupang.com/?weblogMode=production&landingType=UNKNOWN&mcid=UNKNOWN)\n\n*   [![Image 25: 쿠팡플레이](https://image.coupangcdn.com/image/coupang/home/icons/web/kr/coupang-play.png)쿠팡플레이](https://www.coupangplay.com/catalog)\n*   [![Image 26: 로켓배송](https://image.coupangcdn.com/image/coupang/home/icons/web/kr/rocket-delivery.png)로켓배송](https://www.coupang.com/np/campaigns/82)\n*   [![Image 27: 로켓프레시](https://image.coupangcdn.com/image/coupang/home/icons/web/kr/rocket-fresh.png)로켓프레시](https://www.coupang.com/np/categories/393760)\n*   [![Image 28: 크리스마스](https://image.coupangcdn.com/image/coupang/home/icons/Christmas/Christmas_PC_2025.png)크리스마스](https://pages.coupang.com/p/158677)\n*   [![Image 29: 다시 구매](https://image.coupangcdn.com/image/coupang/common/fbi_icon_3x.png)다시 구매](https://www.coupang.com/np/fbi?sourceType=home_section_fbi)\n*   [![Image 30: 쿠팡비즈](https://image.coupangcdn.com/image/coupang/home/icons/web/kr/biz.png)쿠팡비즈](https://login.coupang.com/corporation/member/landing-page)\n*   [![Image 31: 로켓직구](https://image.coupangcdn.com/image/coupang/home/icons/web/kr/oversea-delivery.png)로켓직구](https://www.coupang.com/np/coupangglobal)\n*   [![Image 32: 골드박스](https://image.coupangcdn.com/image/coupang/home/icons/web/kr/gold-box.png)골드박스](https://pages.coupang.com/p/121237?sourceType=gm_crm_goldbox&subSourceType=gm_crm_gwsrtcut)\n*   [![Image 33: 이달의신상](https://image.coupangcdn.com/image/coupang/home/icons/web/kr/new-item-of-month.png)이달의신상](https://pages.coupang.com/p/136938)\n*   [![Image 34: 판매자특가](https://image.coupangcdn.com/image/coupang/home/icons/web/kr/omp.png)판매자특가](https://www.coupang.com/np/omp)\n*   [![Image 35: 와우회원할인](https://image.coupangcdn.com/image/coupang/home/icons/web/kr/wow.png)와우회원할인](https://www.coupang.com/np/campaigns/83)\n*   [![Image 36: 이벤트/쿠폰](https://image.coupangcdn.com/image/coupang/home/icons/web/kr/benefit.png)이벤트/쿠폰](https://www.coupang.com/np/coupangbenefit)\n*   [![Image 37: 반품마켓](https://image.coupangcdn.com/image/coupang/home/icons/web/kr/returned-market.png)반품마켓](https://pages.coupang.com/p/54908)\n*   [![Image 38: 착한상점](https://image.coupangcdn.com/image/coupang/home/icons/web/kr/sustainable-market.png)착한상점](https://pages.coupang.com/p/63240)\n*   [![Image 39: 기획전](https://image.coupangcdn.com/image/coupang/home/icons/web/kr/event.png)기획전](https://pages.coupang.com/p/bep?sourceType=gm_crm_oms&subSourceType=gm_crm_gwsrtcut)\n*   [![Image 40: 쿠팡트래블](https://image.coupangcdn.com/image/coupang/home/icons/web/kr/travel.png)쿠팡트래블](https://trip.coupang.com/?channel=gnb)\n*   [![Image 41: 입점신청](https://image.coupangcdn.com/image/coupang/home/icons/web/kr/sell-on-coupang.png)입점신청](https://wing.coupang.com/tenants/vendor-signup/signup?utm_source=button_pc_coupang_shortcut_1&utm_medium=non_paid&utm_id=onsite_ca&utm_content=202411)\n\n[](https://www.coupang.com/?weblogMode=production&landingType=UNKNOWN&mcid=UNKNOWN)\n\n*   [![Image 42](https://mercury.coupang.com/e.gif?r=ChB4bXRqZjdLaDlHcDdEUFdoEgwzNC45Ni40OS4xOTUYgb%2BW26wzIEoqLDkyRWEwUGFLVmpEOFZaakZGTTNCZWYwcVQ5cjNOU0wxYnZjSHdsMmtjZ0U9MgRGTEFUQhcxNzY0MzQ5MDI1ODcxNTI5NjIyMTE2M1CemsYFWgppbXByZXNzaW9uegNXRUKKAQRtYXJzkAHzhg2YAZUdoAGemsYFsAGAkvQBwgEQRGRWNHFRODdZYVVPV0h3Rg%3D%3D&t=2)![Image 43](https://static.coupangcdn.com/sa/cmg_paperboy/image/1763966957524/1128_26_diemeissiinteonaesyeoneol_W1_PC.jpg)](https://pages.coupang.com/p/159171?adType=DA&eventId=xmtjf7Kh9Gp7DPWh)\n*   [![Image 44](https://mercury.coupang.com/e.gif?r=ChBmTG1PTkJIM3F5SmxzYVIzEgwzNC45Ni40OS4xOTUYgb%2BW26wzIEoqLDkyRWEwUGFLVmpEOFZaakZGTTNCZWYwcVQ5cjNOU0wxYnZjSHdsMmtjZ0U9MgRGTEFUQhcxNzY0MzQ5MDI1ODcxNTI5NjIyMTE2M1C%2BmMYFWgppbXByZXNzaW9uegNXRUKKAQRtYXJzkAHzhg2YAZUdoAG%2BmMYFsAGAkvQBwgEQRGRWNHFRODdZYVVPV0h3Rg%3D%3D&t=2)![Image 45](https://static.coupangcdn.com/la/cmg_paperboy/image/1763966934273/1128_23_jusikhoesa_oseulloman_W1_PC.jpg)](https://pages.coupang.com/p/159135?adType=DA&eventId=fLmONBH3qyJlsaR3)\n*   [![Image 46](https://image.coupangcdn.com/image/displayitem/displayitem_8ad9b5e0-fd76-407b-b820-6494f03ffc31.jpg)](https://www.coupang.com/np/campaigns/1440)\n*   [![Image 47](https://image.coupangcdn.com/image/displayitem/displayitem_f0e08928-083a-4345-a96e-bdc927807695.jpg)](https://pages.coupang.com/p/158474)\n*   [![Image 48](https://image.coupangcdn.com/image/displayitem/displayitem_eea963ab-9659-4fb7-87c4-36be5b82917a.png)](https://www.coupang.com/np/categories/510691)\n*   [![Image 49](https://image.coupangcdn.com/image/displayitem/displayitem_ad84783d-4811-49c6-99e8-79a1085b0d8b.png)](https://pages.coupang.com/p/68594)\n*   [![Image 50](https://image.coupangcdn.com/image/displayitem/displayitem_92caf13f-61ae-4634-83c5-124d84633848.png)](https://wing.coupang.com/tenants/vendor-signup/signup?utm_source=button_pc_coupang_web_rignt_wing&utm_medium=non_paid&utm_id=onsite_ca&utm_content=20240516)\n\n[장바구니 _0_](https://cart.coupang.com/cartView.pang)\n\n최근본상품 _0_\n\n*   최근본 상품이\n\n없습니다.\n\n/[prev](https://www.coupang.com/%EC%9D%B4%EC%A0%84%20%ED%8E%98%EC%9D%B4%EC%A7%80%20%EB%B3%B4%EA%B8%B0)[next](https://www.coupang.com/%EB%8B%A4%EC%9D%8C%20%ED%8E%98%EC%9D%B4%EC%A7%80%20%EB%B3%B4%EA%B8%B0)\n\n[![Image 51](https://image10.coupangcdn.com/image/ccm/banner/531d9f0fc1da86c0cefa7d37820eeb0d.png)](https://login.coupang.com/login/login.pang?rtnUrl=https%3A%2Fmc.coupang.com%2Fssr&from=home_C1&traid=home_C1&trcid=812431003382)\n\n[![Image 52](https://static.coupangcdn.com/ja/cmg_paperboy/image/1763971923281/PC.jpg)](https://shop.coupang.com/pigeonofficial/459261?source=brandstore_display_ads&adType=DA&eventId=j6NnPwVtycywBqkk&from=home_C1&traid=home_C1&trcid=11629527)\n\n[![Image 53](https://image9.coupangcdn.com/image/ccm/banner/b694fc23f12c14af46d103b8d4cfeb54.jpg)](https://www.coupang.com/mlp/web/mlp-landing-page?landingId=2650&subSourceType=gm_crm_gwc1mainbnr_p18_b1001944_c455934&sourceType=gm_crm_mlp&from=home_C1&traid=home_C1&trcid=812430998339)\n\n[![Image 54](https://static.coupangcdn.com/na/cmg_paperboy/image/1764227882599/C1.jpg)](https://shop.coupang.com/A00183919/236486?source=brandstore_display_ads&adType=DA&eventId=CY4E0kIdqi6kURmr&from=home_C1&traid=home_C1&trcid=11638305)\n\n[![Image 55](https://image7.coupangcdn.com/image/ccm/banner/c68d28fbcb270e9e3673d5a034b791f3.png)](https://pages.coupang.com/p/156127?subSourceType=gm_crm_gwc1mainbnr_p1907_b1001986_c459428&sourceType=gm_crm_oms&from=home_C1&traid=home_C1&trcid=812431003604)\n\n[![Image 56](https://static.coupangcdn.com/fa/cmg_paperboy/image/1764219881819/1920_450.jpg)](https://shop.coupang.com/A00114131/250496?source=brandstore_display_ads&adType=DA&eventId=h5pwvjTdty64inTx&from=home_C1&traid=home_C1&trcid=11638267)\n\n오늘의 발견\n------\n\n### 오늘 쿠팡이 엄선한 가장 HOT한 상품!\n\n*   [![Image 57](https://static.coupangcdn.com/fa/cmg_paperboy/image/1763110779669/C2-1-BIG.jpg)구매하기](https://shop.coupang.com/A00114131/250496?source=brandstore_display_ads&adType=DA&eventId=d7ZQeAWRaWOtYVRA&from=home_C2&traid=home_C2&trcid=11627998)\n*   [![Image 58](https://static.coupangcdn.com/sa/cmg_paperboy/image/1763535199548/C2-2BIG.jpg)구매하기](https://shop.coupang.com/A00050392/455254?source=brandstore_display_ads&adType=DA&eventId=RXXalUp70RPSHyDC&from=home_C2&traid=home_C2&trcid=11635045)\n*   [![Image 59](https://static.coupangcdn.com/fa/cmg_paperboy/image/1763112589503/C2-3.jpg)구매하기](https://shop.coupang.com/damtuh/281628?source=brandstore_display_ads&adType=DA&eventId=5ZICTUxmvcOSX0ic&from=home_C2&traid=home_C2&trcid=11632200)\n*   [![Image 60](https://static.coupangcdn.com/ra/cmg_paperboy/image/1763607756707/C2-4.jpg)구매하기](https://shop.coupang.com/delonghikorea?source=brandstore_display_ads&adType=DA&eventId=7XGNCzvjEfO6ePAf&from=home_C2&traid=home_C2&trcid=11635462)\n*   [![Image 61](https://static.coupangcdn.com/da/cmg_paperboy/image/1763110941751/C2-5.jpg)구매하기](https://pages.coupang.com/p/146016?adType=DA&eventId=HJMhgejiYbf8gF3C&from=home_C2&traid=home_C2&trcid=11631661)\n*   [![Image 62](https://static.coupangcdn.com/xa/cmg_paperboy/image/1763110864187/C2-6.jpg)구매하기](https://shop.coupang.com/ottogi/250657?source=brandstore_display_ads&adType=DA&eventId=N8zP4NrgJXuM369k&from=home_C2&traid=home_C2&trcid=11631088)\n*   [![Image 63](https://static.coupangcdn.com/ha/cmg_paperboy/image/1763711002957/C2-7BIG.jpg)구매하기](https://pages.coupang.com/p/159417?adType=DA&eventId=oXM7wWy1znZoauL8&from=home_C2&traid=home_C2&trcid=11638351)\n*   [![Image 64](https://static.coupangcdn.com/aa/cmg_paperboy/image/1763535134946/C2-8.jpg)구매하기](https://shop.coupang.com/solgar?source=brandstore_display_ads&adType=DA&eventId=nDKQh385VOUpqGh7&from=home_C2&traid=home_C2&trcid=11635212)\n*   [![Image 65](https://static.coupangcdn.com/ca/cmg_paperboy/image/1763535758714/C2-9.jpg)구매하기](https://shop.coupang.com/A00237509/455043?source=brandstore_display_ads&adType=DA&eventId=6weoNgL3N8m1liHi&from=home_C2&traid=home_C2&trcid=11635029)\n\n 전세계 핫딜 로켓직구 글로벌특가\n\n_1_/4\n\n*   [![Image 66: 클레버 마스터 세라믹 찻잔 5개입 세트, 블루,핑크,다크그린,화이트,올리브, 1개](https://thumbnail.coupangcdn.com/thumbnails/remote/292x292ex/image/vendor_inventory/96e1/8af90bc297725cf193c4c81b2c637b49b651765333ce496a4da6ec5f0c51.jpg) 클레버 마스터 세라믹 찻잔 5개입 세트, 블루,핑크,다크그린,화이트,올리브, 1개 7,690 원 80%(13)](https://www.coupang.com/vp/products/8715633567?vendorItemId=94035037607&sourceType=HOME_JIKGU_PROMOTION&searchId=feed-0cc9944c478a43a78c6c209bb3917ebc-3.33.169:jikgu_promotion)\n*   [![Image 67: 엠토이 304 스테인리스 스틸 논스틱 스노우 편수냄비, 1개, 16cm, 그레이](https://thumbnail.coupangcdn.com/thumbnails/remote/292x292ex/image/vendor_inventory/ed36/48a8b43908d06395c814c18553606779523e4114f4d90d487c67303fbf7c.jpg) 지금 52% 할인 중 엠토이 304 스테인리스 스틸 논스틱 스노우 편수냄비, 1개, 16cm, 그레이 10,960 원![Image 68](https://image.coupangcdn.com/image/delivery_badge/default/pc/global_b/global_b.png) 100%(237)](https://www.coupang.com/vp/products/8524528685?vendorItemId=91690649173&sourceType=HOME_JIKGU_PROMOTION&searchId=feed-0cc9944c478a43a78c6c209bb3917ebc-3.33.169:jikgu_promotion)\n*   [![Image 69: 투니스 남녀 공용 패치워크 스트라이프 발목 양말 7개입](https://thumbnail.coupangcdn.com/thumbnails/remote/292x292ex/image/vendor_inventory/7140/3635118ee19e3f3b3fbd3362fb98cd15380f58165bfc91c235a3f8425980.jpg) 지금 25% 할인 중 투니스 남녀 공용 패치워크 스트라이프 발목 양말 7개입 7,890 원![Image 70](https://image.coupangcdn.com/image/delivery_badge/default/pc/global_b/global_b.png) 80%(271)](https://www.coupang.com/vp/products/8623494739?vendorItemId=92024089200&sourceType=HOME_JIKGU_PROMOTION&searchId=feed-0cc9944c478a43a78c6c209bb3917ebc-3.33.169:jikgu_promotion)\n*   [![Image 71: Tiger Pavilion 이동식 트롤리 보관함 3단, 화이트](https://thumbnail.coupangcdn.com/thumbnails/remote/292x292ex/image/vendor_inventory/0345/0719c376540957e10777c9a3c491668fec0090e796b1a5c5138443b2f863.jpg) 지금 37% 할인 중 Tiger Pavilion 이동식 트롤리 보관함 3단, 화이트 4,990 원![Image 72](https://image.coupangcdn.com/image/delivery_badge/default/pc/global_b/global_b.png) 80%(1,161)](https://www.coupang.com/vp/products/8969262875?vendorItemId=93179971117&sourceType=HOME_JIKGU_PROMOTION&searchId=feed-0cc9944c478a43a78c6c209bb3917ebc-3.33.169:jikgu_promotion)\n*   [![Image 73: 센카 퍼펙트 휩 페이셜 워시 클렌징폼, 120g, 2개](https://thumbnail.coupangcdn.com/thumbnails/remote/292x292ex/image/vendor_inventory/71ed/5ab73f2e1024e9f5760b6284b0b828d381f486b8f56887717480576167ca.jpg) 지금 57% 할인 중 센카 퍼펙트 휩 페이셜 워시 클렌징폼, 120g, 2개 9,400 원![Image 74](https://image.coupangcdn.com/image/delivery_badge/default/pc/global_b/global_b.png) 90%(49,511)](https://www.coupang.com/vp/products/6718624494?vendorItemId=86673681285&sourceType=HOME_JIKGU_PROMOTION&searchId=feed-0cc9944c478a43a78c6c209bb3917ebc-3.33.169:jikgu_promotion)\n*   [![Image 75: 케이트메이커 노르딕 티타늄 벌집 웍 GYL-BOT30CBK, 1개, 30cm](https://thumbnail.coupangcdn.com/thumbnails/remote/292x292ex/image/vendor_inventory/1d8e/e743e0820ddd4d44ac4fdc206bedde172b4ae73efe962422168d4f9a2e5a.jpg) 지금 76% 할인 중 케이트메이커 노르딕 티타늄 벌집 웍 GYL-BOT30CBK, 1개, 30cm 13,980 원![Image 76](https://image.coupangcdn.com/image/delivery_badge/default/pc/global_b/global_b.png) 90%(839)](https://www.coupang.com/vp/products/8440555940?vendorItemId=89719973456&sourceType=HOME_JIKGU_PROMOTION&searchId=feed-0cc9944c478a43a78c6c209bb3917ebc-3.33.169:jikgu_promotion)\n*   [![Image 77: Oyoson 무선 블렌더 고속 파워 믹서기, 그레이블루](https://thumbnail.coupangcdn.com/thumbnails/remote/292x292ex/image/vendor_inventory/4a38/364c1c3703bd5644e7be45e2b05ee0348847aedca5c3cb2fa9293666c105.jpg) 지금 72% 할인 중 Oyoson 무선 블렌더 고속 파워 믹서기, 그레이블루 13,370 원![Image 78](https://image.coupangcdn.com/image/delivery_badge/default/pc/global_b/global_b.png) 80%(180)](https://www.coupang.com/vp/products/9009743051?vendorItemId=92654280813&sourceType=HOME_JIKGU_PROMOTION&searchId=feed-0cc9944c478a43a78c6c209bb3917ebc-3.33.169:jikgu_promotion)\n*   [![Image 79: 로지텍 마우스 패드 일반형, 1개, 블랙](https://thumbnail.coupangcdn.com/thumbnails/remote/292x292ex/image/vendor_inventory/7c70/b14ba0abb0a8be0caf24fec0437c98cbd7ddad9ed9b4109d4d2b9c2b7935.jpg) 지금 64% 할인 중 로지텍 마우스 패드 일반형, 1개, 블랙 2,730 원![Image 80](https://image.coupangcdn.com/image/delivery_badge/default/pc/global_b/global_b.png) 90%(80)](https://www.coupang.com/vp/products/7375048822?vendorItemId=86157626549&sourceType=HOME_JIKGU_PROMOTION&searchId=feed-0cc9944c478a43a78c6c209bb3917ebc-3.33.169:jikgu_promotion)\n*   [![Image 81: Razer Basilisk V3 레이저 바실리스크 게이밍 RGB 유선마우스, 블랙/RGB 충전 도크, 없음, 블랙](https://thumbnail.coupangcdn.com/thumbnails/remote/292x292ex/image/vendor_inventory/f1c8/f62fef1de7d244a59a813eeb4c769c4ad2e7bd40591c5a303cce10393bd2.jpg) 지금 49% 할인 중 Razer Basilisk V3 레이저 바실리스크 게이밍 RGB 유선마우스, 블랙/RGB 충전 도크, 없음, 블랙 49,980 원![Image 82](https://image.coupangcdn.com/image/delivery_badge/default/pc/global_b/global_b.png) 100%(64)](https://www.coupang.com/vp/products/5675244215?vendorItemId=80227327857&sourceType=HOME_JIKGU_PROMOTION&searchId=feed-0cc9944c478a43a78c6c209bb3917ebc-3.33.169:jikgu_promotion)\n*   [![Image 83: clever 오색 찻잔 5개입, 그린, 화이트, 블루, 옐로우, 레드, 1개](https://thumbnail.coupangcdn.com/thumbnails/remote/292x292ex/image/vendor_inventory/image_audit/prod/e9cc624b-8e20-4a38-9f06-d5fdf0f83315_fixing_v2.png) 지금 15% 할인 중 clever 오색 찻잔 5개입, 그린, 화이트, 블루, 옐로우, 레드, 1개 10,090 원![Image 84](https://image.coupangcdn.com/image/delivery_badge/default/pc/global_b/global_b.png) 90%(168)](https://www.coupang.com/vp/products/8674825063?vendorItemId=92179724709&sourceType=HOME_JIKGU_PROMOTION&searchId=feed-0cc9944c478a43a78c6c209bb3917ebc-3.33.169:jikgu_promotion)\n*   [![Image 85: 충전식 욕실 무선 전기 청소 브러시 마술 타일 바닥 주방 변기 청소 도구 5 개 교체 헤드, 1개, 흰색](https://thumbnail.coupangcdn.com/thumbnails/remote/292x292ex/image/vendor_inventory/99d5/88abaded5dac8ee5e1439b466653d1a5300c76698e6744c083bcc4167eef.jpg) 지금 70% 할인 중 충전식 욕실 무선 전기 청소 브러시 마술 타일 바닥 주방 변기 청소 도구 5 개 교체 헤드, 1개, 흰색 10,980 원![Image 86](https://image.coupangcdn.com/image/delivery_badge/default/pc/global_b/global_b.png) 80%(371)](https://www.coupang.com/vp/products/8487574152?vendorItemId=91576677204&sourceType=HOME_JIKGU_PROMOTION&searchId=feed-0cc9944c478a43a78c6c209bb3917ebc-3.33.169:jikgu_promotion)\n*   [![Image 87: 노스페이스 남녀공용 캐주얼 야구모자 4VSVKY4](https://thumbnail.coupangcdn.com/thumbnails/remote/292x292ex/image/vendor_inventory/dbdc/dace54fd2df9d1167fb53bd739d328deff298189e2f8e69964a1d6013324.jpg) 지금 24% 할인 중 노스페이스 남녀공용 캐주얼 야구모자 4VSVKY4 21,710 원![Image 88](https://image.coupangcdn.com/image/delivery_badge/default/pc/global_b/global_b.png) 90%(79)](https://www.coupang.com/vp/products/8273598084?vendorItemId=90870435856&sourceType=HOME_JIKGU_PROMOTION&searchId=feed-0cc9944c478a43a78c6c209bb3917ebc-3.33.169:jikgu_promotion)\n*   [![Image 89: 2개입 세트 욕실매트 발매트 주방 현관 매트 미끄럼방지 발매트, B](https://thumbnail.coupangcdn.com/thumbnails/remote/292x292ex/image/vendor_inventory/bb44/74364da8841cc1c5b9f908ddff5567fcff63a60f96ebb7da7b5b654017d5.png) 지금 67% 할인 중 2개입 세트 욕실매트 발매트 주방 현관 매트 미끄럼방지 발매트, B 9,690 원![Image 90](https://image.coupangcdn.com/image/delivery_badge/default/pc/global_b/global_b.png) 90%(40)](https://www.coupang.com/vp/products/9051471726?vendorItemId=93465803212&sourceType=HOME_JIKGU_PROMOTION&searchId=feed-0cc9944c478a43a78c6c209bb3917ebc-3.33.169:jikgu_promotion)\n*   [![Image 91: Tiger Pavilion 계란말이 프라이팬, 1개, 36.5cm](https://thumbnail.coupangcdn.com/thumbnails/remote/292x292ex/image/vendor_inventory/9f54/e6b77407ca6305ff01975cce0eacddc8b86a12090f681d3ec2364cd0907a.jpg) 지금 30% 할인 중 Tiger Pavilion 계란말이 프라이팬, 1개, 36.5cm 6,990 원![Image 92](https://image.coupangcdn.com/image/delivery_badge/default/pc/global_b/global_b.png) 80%(20)](https://www.coupang.com/vp/products/8539937074?vendorItemId=91733550486&sourceType=HOME_JIKGU_PROMOTION&searchId=feed-0cc9944c478a43a78c6c209bb3917ebc-3.33.169:jikgu_promotion)\n*   [![Image 93: UFORU x MTOY 가정용 차가운 주전자 대용량 크림 화이트 DA1311-1, 1개, 4L](https://thumbnail.coupangcdn.com/thumbnails/remote/292x292ex/image/vendor_inventory/bde7/91206c16693017a116ef751e5cd4841637c88b8aa788c8d57166a70b8cfa.jpeg) 지금 42% 할인 중 UFORU x MTOY 가정용 차가운 주전자 대용량 크림 화이트 DA1311-1, 1개, 4L 8,400 원![Image 94](https://image.coupangcdn.com/image/delivery_badge/default/pc/global_b/global_b.png) 80%(15)](https://www.coupang.com/vp/products/8230157345?vendorItemId=92869453571&sourceType=HOME_JIKGU_PROMOTION&searchId=feed-0cc9944c478a43a78c6c209bb3917ebc-3.33.169:jikgu_promotion)\n\n[이전 상품 보기](https://www.coupang.com/?weblogMode=production&landingType=UNKNOWN&mcid=UNKNOWN# \"이전 상품 보기\")[다음 상품 보기](https://www.coupang.com/?weblogMode=production&landingType=UNKNOWN&mcid=UNKNOWN# \"다음 상품 보기\")\n\n[![Image 95](https://static.coupangcdn.com/fa/cmg_paperboy/image/1763619066643/151684_435392_C-Mid_PC.jpg)](https://shop.coupang.com/A00148950/281535?source=brandstore_display_ads&adType=DA&eventId=zAgE9kFJqpmDt3ay&from=home_event_banner&traid=home_event_banner)\n\n[![Image 96](https://static.coupangcdn.com/fa/cmg_paperboy/image/1764043922399/C-Mid_PC.png)](https://shop.coupang.com/ottogi/280176?source=brandstore_display_ads&adType=DA&eventId=LsURhMJeXX1GeaDg&from=home_event_banner&traid=home_event_banner)\n\n[![Image 97](https://static.coupangcdn.com/pa/cmg_paperboy/image/1763965415383/C-Mid_PC.jpg)](https://shop.coupang.com/innisfree/298389?source=brandstore_display_ads&adType=DA&eventId=byR4MqTmQaxFYsuG&from=home_event_banner&traid=home_event_banner)\n\n[![Image 98](https://static.coupangcdn.com/xa/cmg_paperboy/image/1763963204221/G1_G2_PC1.jpg)](https://shop.coupang.com/A00131685/298449?source=brandstore_display_ads&adType=DA&eventId=SaaoFYoM4stFQBqD&from=home_event_banner&traid=home_event_banner)\n\n[![Image 99](https://static.coupangcdn.com/ba/cmg_paperboy/image/1764132329363/C-Mid_PC.jpg)](https://pages.coupang.com/p/159719?adType=DA&eventId=yEOnVxM2mj2gV7SD&from=home_event_banner&traid=home_event_banner)\n\n[![Image 100](https://static.coupangcdn.com/za/cmg_paperboy/image/1763959546309/C-Mid_PC.jpg)](https://shop.coupang.com/paldofood?source=brandstore_display_ads&adType=DA&eventId=4GIsBQ4cYncEg8Rr&from=home_event_banner&traid=home_event_banner)\n\nLoading...\n\n[회사소개](https://news.coupang.com/)[Investor Relations](https://ir.aboutcoupang.com/overview/default.aspx)[인재채용](https://rocketyourcareer.kr.coupang.com/)[입점/제휴문의](https://marketplace.coupangcorp.com/s/?utm_source=button_pc&utm_medium=non_paid&utm_campaign=onsite_ca&utm_id=coupang_app?inflow=WEB_FOOTER_B)[공지사항](https://mc.coupang.com/ssr/desktop/contact/notice)[고객의 소리](https://mc.coupang.com/ssr/desktop/contact/voc)[이용약관](https://www.coupang.com/np/policies/terms)[**개인정보 처리방침**](https://privacy.coupang.com/ko/center/coupang)[정보보호/개인정보보호 인증](https://privacy.coupang.com/ko/security/status)[쿠팡페이 이용약관](https://rocketpay.coupang.com/rocketpay/operationTerms/coupangPcFooter)[신뢰관리센터](https://www.coupang.com/np/safety)[제휴마케팅](https://partners.coupang.com/)[광고안내](https://ads.coupang.com/)\n\nGlobal Site\n\n*   [Coupang Taiwan 酷澎台灣](https://www.tw.coupang.com/)\n\n[![Image 101](https://front.coupangcdn.com/front-web-next/_next/static/media/logo.f2c4ccb2.png)](https://www.coupang.com/ \"COUPANG\")\n\n상호명 및 호스팅 서비스 제공 : 쿠팡(주) \n\n 대표이사 : 박대준 \n\n 서울시 송파구 송파대로 570 \n\n 사업자 등록번호 : 120-88-00767 \n\n 통신판매업신고 : 2017-서울송파-0680 \n\n[사업자정보 확인 >](http://www.ftc.go.kr/info/bizinfo/communicationViewPopup.jsp?wrkr_no=1208800767)\n\n[**365고객센터** | 전자금융거래분쟁처리담당 _1577-7011 (유료)_ 서울시 송파구 송파대로 570 email : help@coupang.com](https://mc.coupang.com/ssr/desktop/contact/inquiry)\n\n**채무지급보증 안내**\n\n 당사는 고객님이 현금 결제한 금액에 대해 \n\n 채무지급보증 계약을 체결하여 \n\n 안전거래를 보장하고 있습니다. \n\n[서비스 가입사실 확인 >](https://www.coupang.com/np/etc/popWooriService)\n\n![Image 102](https://front.coupangcdn.com/front-web-next/_next/static/media/5.73affd35.png)\n\n![Image 103](https://front.coupangcdn.com/front-web-next/_next/static/media/6.901d77a5.png)\n\n사이버몰 내 판매되는 상품 중에는 쿠팡에 등록한 개별 판매자가 판매하는 마켓플레이스(오픈마켓) 상품이 포함되어 있습니다. \n\n 마켓플레이스(오픈마켓) 상품의 경우 쿠팡은 통신판매중개자이며 통신판매의 당사자가 아닙니다. \n\n 쿠팡은 마켓플레이스(오픈마켓) 상품, 거래정보 및 거래 등에 대하여 책임을 지지 않습니다. \n\n 쿠팡은 소비자 보호와 안전거래를 위해 신뢰관리센터(CM112@coupang.com)를 운영하고 있으며, 관련 분쟁이 발생할 경우 별도의 분쟁 처리절차에 의거 분쟁이 처리됩니다. \n\n Copyright © Coupang Corp. 2010-2025 All Rights Reserved.\n\n*   [![Image 104](https://front.coupangcdn.com/front-web-next/_next/static/media/f.34bde318.png)](https://www.facebook.com/Coupang.korea)\n*   [![Image 105](https://front.coupangcdn.com/front-web-next/_next/static/media/b.637cda1c.png)](https://news.coupang.com/)\n*   [![Image 106](https://front.coupangcdn.com/front-web-next/_next/static/media/s.a7aca4ea.png)](https://www.instagram.com/coupang)"
      },
      {
        "platform": "coupang",
        "title": "쿠팡 !",
        "url": "https://www.coupang.com/np/siteWideEvent?mlpPageId=2623&subSourceType=gm_crm_gwc1mainbnr_p1625_b1002021_c457087&sourceType=gm_crm_sssp&from=home_C1&traid=home_C1&trcid=812431000386",
        "snippet": "조류용품\n           토끼/기니피그\n           햄스터 용품\n           고슴도치용품\n           페럿용품\n           거북이/달팽이용품\n           파충류용품\n           장수풍뎅이/곤충용품\n           가축사료/용품\n           소동물 도서\n\n       로켓펫닥터 \n\n반려동물용품Image 36: 25Y 11월 펫푸드위크\n\n   헬스/건강식품\n\n       건강기능식품 \n       비타민/미네랄\n\n           멀티비타민\n           비타민A\n           비타민B\n           비오틴\n           비타민C\n           비타민D\n           비타민E\n           비타민K\n           칼슘\n           마그네슘\n           아연\n           철분\n           요오드\n           더보기 [...] 건강식품\n\n           유산균\n           루테인\n           밀크시슬\n           오메가/크릴오일\n           DHA\n           코엔자임Q10\n           히알루론산/콜라겐\n           효소\n           폴리코사놀\n           글루코사민\n           프로폴리스\n           쏘팔메토\n           보스웰리아\n           더보기\n\n       허브/식물추출물\n\n           석류\n           아사이베리\n           크랜베리\n           블루베리\n           클로렐라\n           쏘팔메토\n           루테인\n           빌베리\n           프로폴리스\n           로열젤리/벌화분\n           밀크시슬\n           징코\n           마카\n           더보기 [...] 강아지 사료\n\n           건식사료\n           소프트사료\n           습식사료\n           건조/생식사료\n           화식사료\n           분유\n           기능성사료\n           처방식 사료\n\n       강아지 간식\n\n           캔/파우치\n           덴탈껌\n           건조간식/육포\n           동결건조간식\n           비스켓/시리얼/쿠키\n           캔디/젤리\n           빵/케이크\n           테린/화식\n           져키/트릿\n           음료\n\n       강아지 영양제\n\n           영양제\n           건강보조제\n           처방보조/보충식\n\n       강아지 용품",
        "score": 0.10366714,
        "timestamp": "2025-11-29T02:23:22.759336",
        "raw_content": "쿠팡!\n\n===============\n\n스킵 네비게이션\n\n[#로그인 바로가기](https://www.coupang.com/np/siteWideEvent?mlpPageId=2623&subSourceType=gm_crm_gwc1mainbnr_p1625_b1002021_c457087&sourceType=gm_crm_sssp&from=home_C1&traid=home_C1&trcid=812431000386#login)[#메뉴 바로가기](https://www.coupang.com/np/siteWideEvent?mlpPageId=2623&subSourceType=gm_crm_gwc1mainbnr_p1625_b1002021_c457087&sourceType=gm_crm_sssp&from=home_C1&traid=home_C1&trcid=812431000386#header)[#카테고리 바로가기](https://www.coupang.com/np/siteWideEvent?mlpPageId=2623&subSourceType=gm_crm_gwc1mainbnr_p1625_b1002021_c457087&sourceType=gm_crm_sssp&from=home_C1&traid=home_C1&trcid=812431000386#gnbAnalytics)[#본문 바로가기](https://www.coupang.com/np/siteWideEvent?mlpPageId=2623&subSourceType=gm_crm_gwc1mainbnr_p1625_b1002021_c457087&sourceType=gm_crm_sssp&from=home_C1&traid=home_C1&trcid=812431000386#contents)\n\n* * *\n\n[![Image 1](https://static.coupangcdn.com/ea/cmg_paperboy/image/1646271114206/C0-Left_basic.jpg)](https://www.coupang.com/np/campaigns/82?adType=DA&eventId=rnUNsfgQMgHqoakm)[![Image 2](https://static.coupangcdn.com/ya/cmg_paperboy/image/1764139787980/C0.jpg)](https://pages.coupang.com/p/157429?adType=DA&eventId=lBokm2oTwmlwZWDm)\n\n[배너 그만 보기](https://www.coupang.com/np/siteWideEvent?mlpPageId=2623&subSourceType=gm_crm_gwc1mainbnr_p1625_b1002021_c457087&sourceType=gm_crm_sssp&from=home_C1&traid=home_C1&trcid=812431000386)\n\n고객님의 브라우저에서는 쿠팡이 정상 동작하지 않습니다.\n\n 인터넷 익스플로러 업데이트, 크롬 또는 파이어폭스 브라우저를 설치하세요.\n\n*   [인터넷 익스플로러 _업데이트하기_](https://windows.microsoft.com/ko-kr/internet-explorer/download-ie)\n*   [크롬 _설치하기_](https://www.google.com/chrome/browser/desktop/index.html)\n*   [파이어폭스 _설치하기_](https://www.mozilla.org/ko/firefox/new/)\n\n[![Image 3: 쿠팡로고](https://image.coupangcdn.com/image/coupang/common/logo_coupang_w350.png)](https://www.coupang.com/ \"Coupang - 내가 잘사는 이유\")\n\n상품검색\n\n[](https://www.coupang.com/np/siteWideEvent?mlpPageId=2623&subSourceType=gm_crm_gwc1mainbnr_p1625_b1002021_c457087&sourceType=gm_crm_sssp&from=home_C1&traid=home_C1&trcid=812431000386#)\n\n[](https://www.coupang.com/np/siteWideEvent?mlpPageId=2623&subSourceType=gm_crm_gwc1mainbnr_p1625_b1002021_c457087&sourceType=gm_crm_sssp&from=home_C1&traid=home_C1&trcid=812431000386#)[전체](https://www.coupang.com/np/siteWideEvent?mlpPageId=2623&subSourceType=gm_crm_gwc1mainbnr_p1625_b1002021_c457087&sourceType=gm_crm_sssp&from=home_C1&traid=home_C1&trcid=812431000386#)\n*   [전체](https://www.coupang.com/np/siteWideEvent?mlpPageId=2623&subSourceType=gm_crm_gwc1mainbnr_p1625_b1002021_c457087&sourceType=gm_crm_sssp&from=home_C1&traid=home_C1&trcid=812431000386#-1)\n*   [패션의류/잡화](https://www.coupang.com/np/siteWideEvent?mlpPageId=2623&subSourceType=gm_crm_gwc1mainbnr_p1625_b1002021_c457087&sourceType=gm_crm_sssp&from=home_C1&traid=home_C1&trcid=812431000386#564653)\n*   [뷰티](https://www.coupang.com/np/siteWideEvent?mlpPageId=2623&subSourceType=gm_crm_gwc1mainbnr_p1625_b1002021_c457087&sourceType=gm_crm_sssp&from=home_C1&traid=home_C1&trcid=812431000386#176522)\n*   [출산/유아동](https://www.coupang.com/np/siteWideEvent?mlpPageId=2623&subSourceType=gm_crm_gwc1mainbnr_p1625_b1002021_c457087&sourceType=gm_crm_sssp&from=home_C1&traid=home_C1&trcid=812431000386#221934)\n*   [식품](https://www.coupang.com/np/siteWideEvent?mlpPageId=2623&subSourceType=gm_crm_gwc1mainbnr_p1625_b1002021_c457087&sourceType=gm_crm_sssp&from=home_C1&traid=home_C1&trcid=812431000386#194276)\n*   [주방용품](https://www.coupang.com/np/siteWideEvent?mlpPageId=2623&subSourceType=gm_crm_gwc1mainbnr_p1625_b1002021_c457087&sourceType=gm_crm_sssp&from=home_C1&traid=home_C1&trcid=812431000386#185669)\n*   [생활용품](https://www.coupang.com/np/siteWideEvent?mlpPageId=2623&subSourceType=gm_crm_gwc1mainbnr_p1625_b1002021_c457087&sourceType=gm_crm_sssp&from=home_C1&traid=home_C1&trcid=812431000386#115673)\n*   [홈인테리어](https://www.coupang.com/np/siteWideEvent?mlpPageId=2623&subSourceType=gm_crm_gwc1mainbnr_p1625_b1002021_c457087&sourceType=gm_crm_sssp&from=home_C1&traid=home_C1&trcid=812431000386#184555)\n*   [가전디지털](https://www.coupang.com/np/siteWideEvent?mlpPageId=2623&subSourceType=gm_crm_gwc1mainbnr_p1625_b1002021_c457087&sourceType=gm_crm_sssp&from=home_C1&traid=home_C1&trcid=812431000386#178255)\n*   [스포츠/레저](https://www.coupang.com/np/siteWideEvent?mlpPageId=2623&subSourceType=gm_crm_gwc1mainbnr_p1625_b1002021_c457087&sourceType=gm_crm_sssp&from=home_C1&traid=home_C1&trcid=812431000386#317778)\n*   [자동차용품](https://www.coupang.com/np/siteWideEvent?mlpPageId=2623&subSourceType=gm_crm_gwc1mainbnr_p1625_b1002021_c457087&sourceType=gm_crm_sssp&from=home_C1&traid=home_C1&trcid=812431000386#184060)\n*   [도서/음반/DVD](https://www.coupang.com/np/siteWideEvent?mlpPageId=2623&subSourceType=gm_crm_gwc1mainbnr_p1625_b1002021_c457087&sourceType=gm_crm_sssp&from=home_C1&traid=home_C1&trcid=812431000386#317777)\n*   [완구/취미](https://www.coupang.com/np/siteWideEvent?mlpPageId=2623&subSourceType=gm_crm_gwc1mainbnr_p1625_b1002021_c457087&sourceType=gm_crm_sssp&from=home_C1&traid=home_C1&trcid=812431000386#317779)\n*   [문구/오피스](https://www.coupang.com/np/siteWideEvent?mlpPageId=2623&subSourceType=gm_crm_gwc1mainbnr_p1625_b1002021_c457087&sourceType=gm_crm_sssp&from=home_C1&traid=home_C1&trcid=812431000386#177295)\n*   [반려동물용품](https://www.coupang.com/np/siteWideEvent?mlpPageId=2623&subSourceType=gm_crm_gwc1mainbnr_p1625_b1002021_c457087&sourceType=gm_crm_sssp&from=home_C1&traid=home_C1&trcid=812431000386#115674)\n*   [헬스/건강식품](https://www.coupang.com/np/siteWideEvent?mlpPageId=2623&subSourceType=gm_crm_gwc1mainbnr_p1625_b1002021_c457087&sourceType=gm_crm_sssp&from=home_C1&traid=home_C1&trcid=812431000386#305798)\n*   [국내여행](https://www.coupang.com/np/siteWideEvent?mlpPageId=2623&subSourceType=gm_crm_gwc1mainbnr_p1625_b1002021_c457087&sourceType=gm_crm_sssp&from=home_C1&traid=home_C1&trcid=812431000386#396463)\n*   [해외여행](https://www.coupang.com/np/siteWideEvent?mlpPageId=2623&subSourceType=gm_crm_gwc1mainbnr_p1625_b1002021_c457087&sourceType=gm_crm_sssp&from=home_C1&traid=home_C1&trcid=812431000386#396464)\n*   [R.LUX](https://www.coupang.com/np/siteWideEvent?mlpPageId=2623&subSourceType=gm_crm_gwc1mainbnr_p1625_b1002021_c457087&sourceType=gm_crm_sssp&from=home_C1&traid=home_C1&trcid=812431000386#/np/campaigns/18530)\n*   [로켓설치](https://www.coupang.com/np/siteWideEvent?mlpPageId=2623&subSourceType=gm_crm_gwc1mainbnr_p1625_b1002021_c457087&sourceType=gm_crm_sssp&from=home_C1&traid=home_C1&trcid=812431000386#/np/campaigns/6733)\n*   [공간별 집꾸미기](https://www.coupang.com/np/siteWideEvent?mlpPageId=2623&subSourceType=gm_crm_gwc1mainbnr_p1625_b1002021_c457087&sourceType=gm_crm_sssp&from=home_C1&traid=home_C1&trcid=812431000386#/np/campaigns/2318)\n*   [헬스케어 전문관](https://www.coupang.com/np/siteWideEvent?mlpPageId=2623&subSourceType=gm_crm_gwc1mainbnr_p1625_b1002021_c457087&sourceType=gm_crm_sssp&from=home_C1&traid=home_C1&trcid=812431000386#/np/campaigns/13570)\n*   [쿠팡 Only](https://www.coupang.com/np/siteWideEvent?mlpPageId=2623&subSourceType=gm_crm_gwc1mainbnr_p1625_b1002021_c457087&sourceType=gm_crm_sssp&from=home_C1&traid=home_C1&trcid=812431000386#/np/campaigns/1440)\n*   [싱글라이프](https://www.coupang.com/np/siteWideEvent?mlpPageId=2623&subSourceType=gm_crm_gwc1mainbnr_p1625_b1002021_c457087&sourceType=gm_crm_sssp&from=home_C1&traid=home_C1&trcid=812431000386#433784)\n*   [악기전문관](https://www.coupang.com/np/siteWideEvent?mlpPageId=2623&subSourceType=gm_crm_gwc1mainbnr_p1625_b1002021_c457087&sourceType=gm_crm_sssp&from=home_C1&traid=home_C1&trcid=812431000386#/np/campaigns/11354)\n*   [결혼준비](https://www.coupang.com/np/siteWideEvent?mlpPageId=2623&subSourceType=gm_crm_gwc1mainbnr_p1625_b1002021_c457087&sourceType=gm_crm_sssp&from=home_C1&traid=home_C1&trcid=812431000386#416130)\n*   [아트/공예](https://www.coupang.com/np/siteWideEvent?mlpPageId=2623&subSourceType=gm_crm_gwc1mainbnr_p1625_b1002021_c457087&sourceType=gm_crm_sssp&from=home_C1&traid=home_C1&trcid=812431000386#410273)\n*   [미세먼지용품](https://www.coupang.com/np/siteWideEvent?mlpPageId=2623&subSourceType=gm_crm_gwc1mainbnr_p1625_b1002021_c457087&sourceType=gm_crm_sssp&from=home_C1&traid=home_C1&trcid=812431000386#/np/campaigns/17593)\n*   [홈카페](https://www.coupang.com/np/siteWideEvent?mlpPageId=2623&subSourceType=gm_crm_gwc1mainbnr_p1625_b1002021_c457087&sourceType=gm_crm_sssp&from=home_C1&traid=home_C1&trcid=812431000386#316168)\n*   [실버스토어](https://www.coupang.com/np/siteWideEvent?mlpPageId=2623&subSourceType=gm_crm_gwc1mainbnr_p1625_b1002021_c457087&sourceType=gm_crm_sssp&from=home_C1&traid=home_C1&trcid=812431000386#383370)\n*   [로켓펫닥터](https://www.coupang.com/np/siteWideEvent?mlpPageId=2623&subSourceType=gm_crm_gwc1mainbnr_p1625_b1002021_c457087&sourceType=gm_crm_sssp&from=home_C1&traid=home_C1&trcid=812431000386#/np/campaigns/17993)\n\n[마이크](https://www.coupang.com/np/siteWideEvent?mlpPageId=2623&subSourceType=gm_crm_gwc1mainbnr_p1625_b1002021_c457087&sourceType=gm_crm_sssp&from=home_C1&traid=home_C1&trcid=812431000386#)\n\n[검색](javascript:; \"검색\")\n\n전체삭제 최근검색어끄기\n\n*   [![Image 4](https://static.coupangcdn.com/image/coupang/common/pc_header_img_sprite_new_gnb.svg#person)마이쿠팡](https://mc.coupang.com/ssr/desktop/order/list)\n[주문목록](https://mc.coupang.com/ssr/desktop/order/list)[취소/반품](https://mc.coupang.com/ssr/desktop/cancel-return-exchange/list)[찜 리스트](https://wish-web.coupang.com/wishInitView.pang)[정기배송](https://subscribe-order.coupang.com/manage/subs.pang)\n\n*   [![Image 5](https://static.coupangcdn.com/image/coupang/common/pc_header_img_sprite_new_gnb.svg#cart)장바구니 _0_](https://cart.coupang.com/cartView.pang) \n\n*   [![Image 6](https://image.coupangcdn.com/image/coupang/home/icons/web/kr/coupang-play.png)쿠팡플레이](https://www.coupangplay.com/catalog)\n*   [![Image 7](https://image.coupangcdn.com/image/coupang/home/icons/web/kr/rocket-delivery.png)로켓배송](https://www.coupang.com/np/campaigns/82)\n*   [![Image 8](https://image.coupangcdn.com/image/coupang/home/icons/web/kr/rocket-fresh.png)로켓프레시](https://www.coupang.com/np/categories/393760)\n*   [![Image 9](https://image.coupangcdn.com/image/coupang/home/icons/Christmas/Christmas_PC_2025.png)크리스마스](https://pages.coupang.com/p/158677)\n*   [![Image 10](https://image.coupangcdn.com/image/coupang/common/fbi_icon_3x.png)다시 구매](https://www.coupang.com/np/fbi?sourceType=home_section_fbi)\n*   [![Image 11](https://image.coupangcdn.com/image/coupang/home/icons/web/kr/biz.png)쿠팡비즈](https://login.coupang.com/corporation/member/landing-page)\n*   [![Image 12](https://image.coupangcdn.com/image/coupang/home/icons/web/kr/oversea-delivery.png)로켓직구](https://www.coupang.com/np/coupangglobal)\n*   [![Image 13](https://image.coupangcdn.com/image/coupang/home/icons/web/kr/gold-box.png)골드박스](https://pages.coupang.com/p/121237?sourceType=gm_crm_goldbox&subSourceType=gm_crm_gwsrtcut)\n*   [![Image 14](https://image.coupangcdn.com/image/coupang/home/icons/web/kr/new-item-of-month.png)이달의신상](https://pages.coupang.com/p/136938)\n*   [![Image 15](https://image.coupangcdn.com/image/coupang/home/icons/web/kr/omp.png)판매자특가](https://www.coupang.com/np/omp)\n*   [![Image 16](https://image.coupangcdn.com/image/coupang/home/icons/web/kr/wow.png)와우회원할인](https://www.coupang.com/np/campaigns/83)\n*   [![Image 17](https://image.coupangcdn.com/image/coupang/home/icons/web/kr/benefit.png)이벤트/쿠폰](https://www.coupang.com/np/coupangbenefit)\n*   [![Image 18](https://image.coupangcdn.com/image/coupang/home/icons/web/kr/returned-market.png)반품마켓](https://pages.coupang.com/p/54908)\n*   [![Image 19](https://image.coupangcdn.com/image/coupang/home/icons/web/kr/sustainable-market.png)착한상점](https://pages.coupang.com/p/63240)\n*   [![Image 20](https://image.coupangcdn.com/image/coupang/home/icons/web/kr/event.png)기획전](https://pages.coupang.com/p/bep?sourceType=gm_crm_oms&subSourceType=gm_crm_gwsrtcut)\n*   [![Image 21](https://image.coupangcdn.com/image/coupang/home/icons/web/kr/travel.png)쿠팡트래블](https://trip.coupang.com/?channel=gnb)\n*   [![Image 22](https://image.coupangcdn.com/image/coupang/home/icons/web/kr/sell-on-coupang.png)입점신청](https://wing.coupang.com/tenants/vendor-signup/signup?utm_source=button_pc_coupang_shortcut_1&utm_medium=non_paid&utm_id=onsite_ca&utm_content=202411)\n\n[카테고리](javascript:;)\n\n쇼핑\n\n*   [패션의류/잡화](https://www.coupang.com/np/categories/564653)\n\n    *   [여성패션](https://www.coupang.com/np/categories/186764)\n\n        *   [의류](https://www.coupang.com/np/categories/498704)\n        *   [신발](https://www.coupang.com/np/categories/498797)\n        *   [가방/잡화](https://www.coupang.com/np/categories/498828)\n\n    *   [남성패션](https://www.coupang.com/np/categories/187069)\n\n        *   [의류](https://www.coupang.com/np/categories/498917)\n        *   [신발](https://www.coupang.com/np/categories/498974)\n        *   [가방/잡화](https://www.coupang.com/np/categories/499007)\n\n    *   [남녀 공용 의류](https://www.coupang.com/np/categories/502993)\n\n        *   [티셔츠](https://www.coupang.com/np/categories/502994)\n        *   [맨투맨/후드티](https://www.coupang.com/np/categories/502995)\n        *   [셔츠](https://www.coupang.com/np/categories/502998)\n        *   [바지](https://www.coupang.com/np/categories/502999)\n        *   [트레이닝복](https://www.coupang.com/np/categories/503000)\n        *   [후드집업/집업류](https://www.coupang.com/np/categories/503001)\n        *   [니트류/조끼](https://www.coupang.com/np/categories/503002)\n        *   [아우터](https://www.coupang.com/np/categories/503006)\n        *   [테마의류](https://www.coupang.com/np/categories/503010)\n        *   [커플룩/패밀리룩](https://www.coupang.com/np/categories/503013)\n        *   [빅사이즈](https://www.coupang.com/np/categories/509288)\n        *   [스포츠의류](https://www.coupang.com/np/categories/565393)\n\n    *   [속옷/잠옷](https://www.coupang.com/np/categories/565063)\n\n        *   [여성 속옷](https://www.coupang.com/np/categories/565064)\n        *   [남성 속옷](https://www.coupang.com/np/categories/565081)\n        *   [기타 속옷 용품](https://www.coupang.com/np/categories/565091)\n        *   [잠옷/파자마](https://www.coupang.com/np/categories/565094)\n\n    *   [신발](https://www.coupang.com/np/campaigns/20497) \n    *   [가방/잡화](https://www.coupang.com/np/campaigns/20495) \n    *   [유아동패션](https://www.coupang.com/np/categories/213201)\n\n        *   [베이비](https://www.coupang.com/np/categories/499090)\n        *   [여아/주니어](https://www.coupang.com/np/categories/499116)\n        *   [남아/주니어](https://www.coupang.com/np/categories/499186)\n\n    *   [럭셔리패션](https://www.coupang.com/np/campaigns/22131) \n\n[패션의류/잡화](https://pages.coupang.com/p/158163?sourceType=gm_crm_oms&subSourceType=gm_crm_rblbnr \"패션의류/잡화\")![Image 23: 패션의류/잡화](https://www.coupang.com/np/siteWideEvent?mlpPageId=2623&subSourceType=gm_crm_gwc1mainbnr_p1625_b1002021_c457087&sourceType=gm_crm_sssp&from=home_C1&traid=home_C1&trcid=812431000386)\n\n*   [뷰티](https://www.coupang.com/np/categories/176522)\n\n    *   [신상관](https://www.coupang.com/np/campaigns/22455) \n    *   [럭셔리뷰티](https://www.coupang.com/np/campaigns/18530) \n    *   [스킨케어](https://www.coupang.com/np/categories/176530)\n\n        *   [스킨](https://www.coupang.com/np/categories/486248)\n        *   [로션](https://www.coupang.com/np/categories/486249)\n        *   [에센스/세럼/앰플](https://www.coupang.com/np/categories/486250)\n        *   [미스트](https://www.coupang.com/np/categories/486251)\n        *   [오일](https://www.coupang.com/np/categories/486252)\n        *   [크림/올인원](https://www.coupang.com/np/categories/486253)\n        *   [기초세트](https://www.coupang.com/np/categories/486254)\n        *   [마스크/팩](https://www.coupang.com/np/categories/176554)\n\n    *   [클렌징/필링](https://www.coupang.com/np/categories/486551)\n\n        *   [클렌징 폼](https://www.coupang.com/np/categories/486559)\n        *   [클렌징 젤/파우더](https://www.coupang.com/np/categories/486560)\n        *   [클렌징 비누](https://www.coupang.com/np/categories/486561)\n        *   [클렌징 오일](https://www.coupang.com/np/categories/486562)\n        *   [클렌징 워터](https://www.coupang.com/np/categories/486563)\n        *   [립/아이리무버](https://www.coupang.com/np/categories/486564)\n        *   [클렌징 티슈/시트](https://www.coupang.com/np/categories/486565)\n        *   [클렌징밤/크림/로션](https://www.coupang.com/np/categories/486566)\n        *   [클렌징세트](https://www.coupang.com/np/categories/486567)\n        *   [스크럽/필링](https://www.coupang.com/np/categories/486568)\n\n    *   [선케어/태닝](https://www.coupang.com/np/categories/176563)\n\n        *   [선케어](https://www.coupang.com/np/categories/176564)\n        *   [태닝](https://www.coupang.com/np/categories/176570)\n\n    *   [더마코스메틱](https://www.coupang.com/np/campaigns/7642) \n    *   [메이크업](https://www.coupang.com/np/categories/176573)\n\n        *   [베이스 메이크업](https://www.coupang.com/np/categories/176587)\n        *   [아이 메이크업](https://www.coupang.com/np/categories/176574)\n        *   [립 메이크업](https://www.coupang.com/np/categories/176581)\n        *   [치크메이크업](https://www.coupang.com/np/categories/176594)\n        *   [멀티메이크업](https://www.coupang.com/np/categories/405199)\n        *   [바디메이크업](https://www.coupang.com/np/categories/405203)\n\n    *   [향수](https://www.coupang.com/np/categories/176598)\n\n        *   [여성향수](https://www.coupang.com/np/categories/176599)\n        *   [남성향수](https://www.coupang.com/np/categories/176600)\n        *   [남녀공용향수](https://www.coupang.com/np/categories/509383)\n        *   [고체향수](https://www.coupang.com/np/categories/509384)\n        *   [드레스퍼퓸](https://www.coupang.com/np/categories/176601)\n\n    *   [남성화장품](https://www.coupang.com/np/categories/176839)\n\n        *   [남성스킨케어](https://www.coupang.com/np/categories/176840)\n        *   [남성메이크업](https://www.coupang.com/np/categories/176843)\n        *   [남성화장품세트](https://www.coupang.com/np/categories/176846)\n        *   [남성 헤어케어](https://www.coupang.com/np/categories/176847)\n        *   [남성 바디케어](https://www.coupang.com/np/categories/176850)\n        *   [남성 쉐이빙 케어](https://www.coupang.com/np/categories/176854)\n\n    *   [네일](https://www.coupang.com/np/categories/176763)\n\n        *   [네일팁/페디팁/스티커](https://www.coupang.com/np/categories/427310)\n        *   [일반네일](https://www.coupang.com/np/categories/176767)\n        *   [젤네일](https://www.coupang.com/np/categories/176772)\n        *   [케어/영양/리무버](https://www.coupang.com/np/categories/176764)\n        *   [네일케어도구](https://www.coupang.com/np/categories/176780)\n        *   [네일아트소품/도구](https://www.coupang.com/np/categories/176789)\n        *   [네일세트](https://www.coupang.com/np/categories/176806)\n\n    *   [뷰티소품](https://www.coupang.com/np/categories/176807)\n\n        *   [화장솜/면봉](https://www.coupang.com/np/categories/176808)\n        *   [아이소품](https://www.coupang.com/np/categories/176811)\n        *   [페이스소품](https://www.coupang.com/np/categories/176817)\n        *   [클렌징소품](https://www.coupang.com/np/categories/176822)\n        *   [헤어소품](https://www.coupang.com/np/categories/176826)\n        *   [피부관리기](https://www.coupang.com/np/categories/281731)\n        *   [용기/거울/기타소품](https://www.coupang.com/np/categories/176832)\n\n    *   [어린이화장품](https://www.coupang.com/np/categories/403012)\n\n        *   [메이크업](https://www.coupang.com/np/categories/403013)\n        *   [향수](https://www.coupang.com/np/categories/403014)\n        *   [네일케어](https://www.coupang.com/np/categories/403015)\n        *   [세트/키트](https://www.coupang.com/np/categories/403016)\n\n    *   [로드샵](https://www.coupang.com/np/campaigns/4999) \n    *   [클린/비건뷰티](https://www.coupang.com/np/categories/509393)\n\n        *   [스킨케어](https://www.coupang.com/np/categories/509394)\n        *   [메이크업](https://www.coupang.com/np/categories/509395)\n        *   [네일&툴](https://www.coupang.com/np/categories/509396)\n\n    *   [헤어](https://www.coupang.com/np/categories/176602)\n\n        *   [샴푸](https://www.coupang.com/np/categories/403017)\n        *   [린스/컨디셔너](https://www.coupang.com/np/categories/403024)\n        *   [트리트먼트/팩/앰플](https://www.coupang.com/np/categories/176631)\n        *   [헤어에센스/오일](https://www.coupang.com/np/categories/403030)\n        *   [헤어스타일링](https://www.coupang.com/np/categories/403031)\n        *   [헤어세트](https://www.coupang.com/np/categories/403032)\n        *   [염색/파마](https://www.coupang.com/np/categories/176653)\n\n    *   [바디](https://www.coupang.com/np/categories/176699)\n\n        *   [샤워/입욕용품](https://www.coupang.com/np/categories/176700)\n        *   [바디로션/크림](https://www.coupang.com/np/categories/176710)\n        *   [핸드/풋/데오](https://www.coupang.com/np/categories/176719)\n        *   [제모/슬리밍/청결제](https://www.coupang.com/np/categories/176744)\n\n    *   [더보기](https://www.coupang.com/np/categories/176522)\n\n[뷰티](https://www.coupang.com/np/siteWideEvent?mlpPageId=2689&subSourceType=gm_crm_rblbnr \"뷰티 베스트 픽\")![Image 24: 뷰티 베스트 픽](https://www.coupang.com/np/siteWideEvent?mlpPageId=2623&subSourceType=gm_crm_gwc1mainbnr_p1625_b1002021_c457087&sourceType=gm_crm_sssp&from=home_C1&traid=home_C1&trcid=812431000386)\n\n*   [출산/유아동](https://www.coupang.com/np/categories/221934)\n\n    *   [유아동패션](https://www.coupang.com/np/categories/508565)\n\n        *   [베이비](https://www.coupang.com/np/categories/508566)\n        *   [여아/주니어](https://www.coupang.com/np/categories/508592)\n        *   [남아/주니어](https://www.coupang.com/np/categories/508663)\n\n    *   [기저귀](https://www.coupang.com/np/categories/485952)\n\n        *   [일회용기저귀](https://www.coupang.com/np/categories/485953)\n        *   [수영장기저귀](https://www.coupang.com/np/categories/485957)\n        *   [천기저귀/액세서리](https://www.coupang.com/np/categories/485958)\n        *   [배변훈련팬티](https://www.coupang.com/np/categories/485962)\n        *   [기저귀케익](https://www.coupang.com/np/categories/485963)\n        *   [기저귀크림/파우더](https://www.coupang.com/np/categories/485964)\n        *   [기저귀정리함](https://www.coupang.com/np/categories/485968)\n        *   [기저귀매트](https://www.coupang.com/np/categories/485969)\n        *   [기저귀통/봉투](https://www.coupang.com/np/categories/485973)\n        *   [기저귀가방](https://www.coupang.com/np/categories/485976)\n\n    *   [물티슈](https://www.coupang.com/np/categories/485979)\n\n        *   [물티슈](https://www.coupang.com/np/categories/485980)\n        *   [건티슈](https://www.coupang.com/np/categories/485981)\n        *   [물티슈액세서리](https://www.coupang.com/np/categories/485982)\n\n    *   [분유/어린이식품](https://www.coupang.com/np/categories/221939)\n\n        *   [분유](https://www.coupang.com/np/categories/221995)\n        *   [이유식](https://www.coupang.com/np/categories/446135)\n        *   [미음/죽/분말](https://www.coupang.com/np/categories/222036)\n        *   [양념/식재료](https://www.coupang.com/np/categories/222043)\n        *   [국/반찬](https://www.coupang.com/np/categories/222050)\n        *   [간식/음료](https://www.coupang.com/np/categories/403082)\n        *   [대용식](https://www.coupang.com/np/categories/510531)\n\n    *   [어린이 건강식품](https://www.coupang.com/np/categories/509025)\n\n        *   [비타민/미네랄](https://www.coupang.com/np/categories/509028)\n        *   [홍삼](https://www.coupang.com/np/categories/509029)\n        *   [칼슘](https://www.coupang.com/np/categories/509030)\n        *   [유산균/초유](https://www.coupang.com/np/categories/509031)\n        *   [오메가](https://www.coupang.com/np/categories/509032)\n        *   [기타 건강식품](https://www.coupang.com/np/categories/509033)\n\n    *   [수유용품](https://www.coupang.com/np/categories/221943)\n\n        *   [젖병](https://www.coupang.com/np/categories/485989)\n        *   [젖꼭지](https://www.coupang.com/np/categories/485992)\n        *   [노리개젖꼭지](https://www.coupang.com/np/categories/371307)\n        *   [치발기](https://www.coupang.com/np/categories/371311)\n        *   [모유저장팩](https://www.coupang.com/np/categories/486184)\n        *   [분유케이스/저장팩](https://www.coupang.com/np/categories/486186)\n        *   [젖병세척용품](https://www.coupang.com/np/categories/371319)\n        *   [젖병소독기/건조대](https://www.coupang.com/np/categories/371324)\n        *   [분유보관용기](https://www.coupang.com/np/categories/371327)\n        *   [수유패드](https://www.coupang.com/np/categories/371328)\n        *   [유축기](https://www.coupang.com/np/categories/371329)\n        *   [모유촉진제](https://www.coupang.com/np/categories/371330)\n        *   [유두보호/젖몸살용품](https://www.coupang.com/np/categories/371331)\n        *   [더보기](https://www.coupang.com/np/categories/221943)\n\n    *   [이유용품/유아식기](https://www.coupang.com/np/categories/334841)\n\n        *   [이유식용품](https://www.coupang.com/np/categories/334842)\n        *   [턱받이](https://www.coupang.com/np/categories/334871)\n        *   [빨대컵/유아컵](https://www.coupang.com/np/categories/371346)\n        *   [유아식기/캐릭터식기](https://www.coupang.com/np/categories/446109)\n        *   [도시락/물병/보냉백](https://www.coupang.com/np/categories/446119)\n        *   [스푼/포크/젓가락](https://www.coupang.com/np/categories/334854)\n        *   [유아식탁/부스터](https://www.coupang.com/np/categories/334873)\n\n    *   [아기띠/외출용품](https://www.coupang.com/np/categories/381717)\n\n        *   [아기띠](https://www.coupang.com/np/categories/509152)\n        *   [올인원 아기띠](https://www.coupang.com/np/categories/509153)\n        *   [힙시트](https://www.coupang.com/np/categories/509154)\n        *   [트레킹캐리어](https://www.coupang.com/np/categories/509155)\n        *   [포대기/처네](https://www.coupang.com/np/categories/381723)\n        *   [슬링](https://www.coupang.com/np/categories/381724)\n        *   [아기띠액세서리](https://www.coupang.com/np/categories/381725)\n        *   [기저귀가방](https://www.coupang.com/np/categories/403105)\n        *   [기저귀/약파우치](https://www.coupang.com/np/categories/403106)\n        *   [보냉백/런치백](https://www.coupang.com/np/categories/403107)\n\n    *   [유모차/웨건](https://www.coupang.com/np/categories/381650)\n\n        *   [디럭스유모차](https://www.coupang.com/np/categories/381651)\n        *   [절충형유모차](https://www.coupang.com/np/categories/381652)\n        *   [휴대용유모차](https://www.coupang.com/np/categories/381653)\n        *   [쌍둥이유모차](https://www.coupang.com/np/categories/381654)\n        *   [웨건](https://www.coupang.com/np/categories/381655)\n        *   [유모차/웨건액세서리](https://www.coupang.com/np/categories/381656)\n\n    *   [카시트](https://www.coupang.com/np/categories/381697)\n\n        *   [신생아바구니카시트](https://www.coupang.com/np/categories/381698)\n        *   [영유아카시트](https://www.coupang.com/np/categories/381699)\n        *   [주니어카시트](https://www.coupang.com/np/categories/381700)\n        *   [부스터카시트](https://www.coupang.com/np/categories/381701)\n        *   [카시트액세서리](https://www.coupang.com/np/categories/381702)\n\n    *   [욕실용품/스킨케어](https://www.coupang.com/np/categories/221944)\n\n        *   [유아워시/샴푸](https://www.coupang.com/np/categories/222358)\n        *   [유아구강케어](https://www.coupang.com/np/categories/222371)\n        *   [유아스킨케어](https://www.coupang.com/np/categories/222352)\n        *   [기저귀크림/파우더](https://www.coupang.com/np/categories/222367)\n        *   [유아욕조/목욕의자](https://www.coupang.com/np/categories/403072)\n        *   [유아목욕용품](https://www.coupang.com/np/categories/222377)\n        *   [유아타올](https://www.coupang.com/np/categories/403075)\n        *   [유아변기](https://www.coupang.com/np/categories/403076)\n        *   [선케어/야외활동케어](https://www.coupang.com/np/categories/222395)\n        *   [어린이화장품](https://www.coupang.com/np/categories/222399)\n\n    *   [위생/건강/세제](https://www.coupang.com/np/categories/221945)\n\n        *   [위생용품](https://www.coupang.com/np/categories/222402)\n        *   [유아항균지퍼팩](https://www.coupang.com/np/categories/403108)\n        *   [배변훈련팬티](https://www.coupang.com/np/categories/403109)\n        *   [건강용품](https://www.coupang.com/np/categories/222417)\n        *   [유아구강용품](https://www.coupang.com/np/categories/403110)\n        *   [유아세제/세정제](https://www.coupang.com/np/categories/222408)\n        *   [야외활동용품](https://www.coupang.com/np/categories/403111)\n\n    *   [유아가구/인테리어](https://www.coupang.com/np/categories/221947)\n\n        *   [유아동침대](https://www.coupang.com/np/categories/222457)\n        *   [유아의자/소파](https://www.coupang.com/np/categories/222464)\n        *   [수납/정리함](https://www.coupang.com/np/categories/222471)\n        *   [공부상/책상](https://www.coupang.com/np/categories/222479)\n        *   [유아책장/책꽂이](https://www.coupang.com/np/categories/222482)\n        *   [수면등/수유등](https://www.coupang.com/np/categories/222485)\n        *   [유아키재기스티커](https://www.coupang.com/np/categories/311382)\n\n    *   [유아동침구](https://www.coupang.com/np/categories/221942)\n\n        *   [낮잠이불](https://www.coupang.com/np/categories/222195)\n        *   [겉싸개/속싸개](https://www.coupang.com/np/categories/222196)\n        *   [유아이불](https://www.coupang.com/np/categories/222200)\n        *   [베개/바디필로우](https://www.coupang.com/np/categories/222204)\n        *   [유아담요/블랭킷](https://www.coupang.com/np/categories/222211)\n        *   [유아 요/방수요](https://www.coupang.com/np/categories/222212)\n        *   [침구세트](https://www.coupang.com/np/categories/222216)\n\n    *   [매트/안전용품](https://www.coupang.com/np/categories/221946)\n\n        *   [놀이방매트](https://www.coupang.com/np/categories/509106)\n        *   [퍼즐매트](https://www.coupang.com/np/categories/509107)\n        *   [폴더매트](https://www.coupang.com/np/categories/509108)\n        *   [벽매트](https://www.coupang.com/np/categories/509109)\n        *   [DIY/시공매트](https://www.coupang.com/np/categories/509110)\n        *   [유아안전문](https://www.coupang.com/np/categories/222433)\n        *   [모서리/코너보호대](https://www.coupang.com/np/categories/222436)\n        *   [손낌방지용품](https://www.coupang.com/np/categories/222437)\n        *   [잠금장치/커버](https://www.coupang.com/np/categories/222440)\n        *   [미끄럼방지용품](https://www.coupang.com/np/categories/222443)\n        *   [침대가드](https://www.coupang.com/np/categories/222444)\n        *   [뒤집기방지쿠션](https://www.coupang.com/np/categories/222445)\n        *   [머리/무릎보호대](https://www.coupang.com/np/categories/222446)\n        *   [더보기](https://www.coupang.com/np/categories/221946)\n\n    *   [완구/교구](https://www.coupang.com/np/categories/349657)\n\n        *   [연령별완구](https://www.coupang.com/np/campaigns/821)\n        *   [캐릭터별완구](https://www.coupang.com/np/categories/349665)\n        *   [신생아/영아완구](https://www.coupang.com/np/categories/349686)\n        *   [블록놀이](https://www.coupang.com/np/categories/349793)\n        *   [역할놀이](https://www.coupang.com/np/categories/349825)\n        *   [로봇/작동완구](https://www.coupang.com/np/categories/349745)\n        *   [인형](https://www.coupang.com/np/categories/349808)\n        *   [물놀이/계절완구](https://www.coupang.com/np/categories/350139)\n        *   [승용완구](https://www.coupang.com/np/categories/350057)\n        *   [실내대형완구](https://www.coupang.com/np/categories/350044)\n        *   [스포츠/야외완구](https://www.coupang.com/np/categories/350077)\n        *   [STEAM/학습완구](https://www.coupang.com/np/categories/349876)\n        *   [보드게임](https://www.coupang.com/np/categories/349983)\n        *   [더보기](https://www.coupang.com/np/categories/349657)\n\n    *   [더보기](https://www.coupang.com/np/categories/221934)\n\n[출산/유아동](https://www.coupang.com/mlp/web/mlp-landing-page?landingId=2657&subSourceType=gm_crm_cpnlink \"출산/유아동\")![Image 25: 출산/유아동](https://www.coupang.com/np/siteWideEvent?mlpPageId=2623&subSourceType=gm_crm_gwc1mainbnr_p1625_b1002021_c457087&sourceType=gm_crm_sssp&from=home_C1&traid=home_C1&trcid=812431000386)\n\n*   [식품](https://www.coupang.com/np/categories/194276)\n\n    *   [수입식품관](https://www.coupang.com/np/campaigns/1884) \n    *   [식품 선물세트](https://www.coupang.com/np/categories/196393)\n\n        *   [과일](https://www.coupang.com/np/categories/196395)\n        *   [나물/버섯](https://www.coupang.com/np/categories/196401)\n        *   [견과](https://www.coupang.com/np/categories/196406)\n        *   [정육](https://www.coupang.com/np/categories/196407)\n        *   [수산/건어물](https://www.coupang.com/np/categories/196417)\n        *   [커피/차/음료](https://www.coupang.com/np/categories/196423)\n        *   [과자/간식](https://www.coupang.com/np/categories/196428)\n        *   [즉석/가공식품](https://www.coupang.com/np/categories/196436)\n        *   [건강](https://www.coupang.com/np/categories/196444)\n\n    *   [건강식품](https://www.coupang.com/np/categories/196076)\n\n        *   [건강기능식품](https://www.coupang.com/np/campaigns/6585)\n        *   [홍삼/인삼](https://www.coupang.com/np/categories/196126)\n        *   [건강즙/음료](https://www.coupang.com/np/categories/196136)\n        *   [비타민/미네랄](https://www.coupang.com/np/categories/306726)\n        *   [건강식품](https://www.coupang.com/np/categories/306749)\n        *   [헬스보충식품](https://www.coupang.com/np/categories/306808)\n        *   [다이어트/이너뷰티](https://www.coupang.com/np/categories/306831)\n        *   [영양식/선식](https://www.coupang.com/np/categories/196183)\n        *   [어린이 건강식품](https://www.coupang.com/np/categories/502184)\n        *   [꿀/프로폴리스](https://www.coupang.com/np/categories/196189)\n        *   [건강차 원물](https://www.coupang.com/np/categories/196195)\n        *   [건강분말/건강환](https://www.coupang.com/np/categories/196207)\n        *   [한방재료](https://www.coupang.com/np/categories/196211)\n\n    *   [생수/음료](https://www.coupang.com/np/categories/195006)\n\n        *   [생수](https://www.coupang.com/np/categories/195008)\n        *   [탄산수](https://www.coupang.com/np/categories/497920)\n        *   [과일/야채음료](https://www.coupang.com/np/categories/195015)\n        *   [탄산/스포츠음료](https://www.coupang.com/np/categories/195050)\n        *   [커피음료/차음료](https://www.coupang.com/np/categories/195062)\n        *   [두유](https://www.coupang.com/np/categories/195080)\n        *   [냉장우유](https://www.coupang.com/np/categories/445905)\n        *   [멸균우유](https://www.coupang.com/np/categories/195088)\n        *   [숙취/건강음료](https://www.coupang.com/np/categories/195104)\n        *   [어린이음료](https://www.coupang.com/np/categories/195124)\n        *   [음료선물세트](https://www.coupang.com/np/categories/195141)\n        *   [무/비알콜음료](https://www.coupang.com/np/categories/497899)\n        *   [전통주](https://www.coupang.com/np/categories/311357)\n\n    *   [커피/원두/차](https://www.coupang.com/np/categories/195142)\n\n        *   [커피믹스](https://www.coupang.com/np/categories/429888)\n        *   [원두/생두](https://www.coupang.com/np/categories/429889)\n        *   [캡슐/더치/티백](https://www.coupang.com/np/categories/429890)\n        *   [녹차/메밀차](https://www.coupang.com/np/categories/486104)\n        *   [둥글레/옥수수차](https://www.coupang.com/np/categories/195168)\n        *   [보리/우엉/결명자](https://www.coupang.com/np/categories/195172)\n        *   [도라지/작두콩차](https://www.coupang.com/np/categories/486111)\n        *   [홍차/밀크티](https://www.coupang.com/np/categories/486114)\n        *   [유자/과일차](https://www.coupang.com/np/categories/486118)\n        *   [율무/전통차](https://www.coupang.com/np/categories/486131)\n        *   [허브/콤부/꽃차](https://www.coupang.com/np/categories/195232)\n        *   [코코아/라떼/기타분말](https://www.coupang.com/np/categories/195254)\n        *   [커피/차 선물세트](https://www.coupang.com/np/categories/195262)\n        *   [더보기](https://www.coupang.com/np/categories/195142)\n\n    *   [과자/초콜릿/시리얼](https://www.coupang.com/np/categories/195266)\n\n        *   [과자](https://www.coupang.com/np/categories/195268)\n        *   [비스킷/크래커](https://www.coupang.com/np/categories/195282)\n        *   [쿠키/파이](https://www.coupang.com/np/categories/195291)\n        *   [전통과자/떡](https://www.coupang.com/np/categories/195398)\n        *   [초콜릿](https://www.coupang.com/np/categories/195297)\n        *   [젤리/캐러멜](https://www.coupang.com/np/categories/431978)\n        *   [사탕/껌](https://www.coupang.com/np/categories/195303)\n        *   [시리얼](https://www.coupang.com/np/categories/195322)\n        *   [베이커리/잼](https://www.coupang.com/np/categories/195328)\n        *   [육포/원물간식](https://www.coupang.com/np/categories/195388)\n        *   [과자/간식세트](https://www.coupang.com/np/categories/195428)\n        *   [어린이간식](https://www.coupang.com/np/categories/497936)\n\n    *   [견과/건과](https://www.coupang.com/np/categories/194373)\n\n        *   [땅콩/호두](https://www.coupang.com/np/categories/194376)\n        *   [밤/잣/은행](https://www.coupang.com/np/categories/194381)\n        *   [아몬드/피스타치오](https://www.coupang.com/np/categories/194387)\n        *   [기타견과류](https://www.coupang.com/np/categories/194392)\n        *   [호박씨/해바라기씨](https://www.coupang.com/np/categories/194401)\n        *   [기타씨앗](https://www.coupang.com/np/categories/194405)\n        *   [혼합견과/세트](https://www.coupang.com/np/categories/194407)\n        *   [건과일/건채소](https://www.coupang.com/np/categories/194411)\n        *   [과일가루](https://www.coupang.com/np/categories/394584)\n\n    *   [반찬/간편식/대용식](https://www.coupang.com/np/categories/432480)\n\n        *   [샐러드/닭가슴살](https://www.coupang.com/np/categories/432481)\n        *   [간편과일/후레쉬컷](https://www.coupang.com/np/categories/432506)\n        *   [시리얼/쉐이크/선식](https://www.coupang.com/np/categories/432531)\n        *   [즉석밥/도시락](https://www.coupang.com/np/categories/432554)\n        *   [즉석죽/스프](https://www.coupang.com/np/categories/432568)\n        *   [라면/파스타/면](https://www.coupang.com/np/categories/432572)\n        *   [김치/반찬/김](https://www.coupang.com/np/categories/432595)\n        *   [국/탕/찌개](https://www.coupang.com/np/categories/432669)\n        *   [고기/해물/간편조리](https://www.coupang.com/np/categories/432672)\n        *   [분식/튀김/피자](https://www.coupang.com/np/categories/432740)\n        *   [햄버거/베이커리/떡](https://www.coupang.com/np/categories/432765)\n        *   [이유식/어린이식품](https://www.coupang.com/np/categories/432814)\n\n    *   [면/통조림/가공식품](https://www.coupang.com/np/categories/195443)\n\n        *   [라면/컵라면](https://www.coupang.com/np/categories/486355)\n        *   [면류/파스타](https://www.coupang.com/np/categories/486403)\n        *   [참치/햄/통조림](https://www.coupang.com/np/categories/195484)\n        *   [즉석밥/누룽지](https://www.coupang.com/np/categories/486855)\n        *   [카레/짜장/양념](https://www.coupang.com/np/categories/486581)\n        *   [즉석국/간편조리](https://www.coupang.com/np/categories/486582)\n\n    *   [가루/조미료/오일](https://www.coupang.com/np/categories/195576)\n\n        *   [가루/분말류](https://www.coupang.com/np/categories/195578)\n        *   [설탕/소금/조미료](https://www.coupang.com/np/categories/195621)\n        *   [식용유/오일](https://www.coupang.com/np/categories/195669)\n\n    *   [장/소스/드레싱/식초](https://www.coupang.com/np/categories/195694)\n\n        *   [장류](https://www.coupang.com/np/categories/195696)\n        *   [케찹/마요네즈](https://www.coupang.com/np/categories/195716)\n        *   [머스타드](https://www.coupang.com/np/categories/195720)\n        *   [소스](https://www.coupang.com/np/categories/195721)\n        *   [드레싱](https://www.coupang.com/np/categories/195747)\n        *   [식초/미림](https://www.coupang.com/np/categories/195756)\n        *   [물엿/올리고당/조청](https://www.coupang.com/np/categories/195767)\n        *   [육수/액젓](https://www.coupang.com/np/categories/195772)\n        *   [꿀](https://www.coupang.com/np/categories/195778)\n\n    *   [냉장/냉동/간편요리](https://www.coupang.com/np/categories/225461)\n\n        *   [밀키트](https://www.coupang.com/np/categories/486687)\n        *   [즉석밥/볶음밥](https://www.coupang.com/np/categories/446032)\n        *   [즉석국/탕/찌개](https://www.coupang.com/np/categories/446035)\n        *   [고기/해물/기타요리](https://www.coupang.com/np/categories/225504)\n        *   [면류](https://www.coupang.com/np/categories/446038)\n        *   [떡류](https://www.coupang.com/np/categories/446051)\n        *   [만두/돈까스/치킨](https://www.coupang.com/np/categories/225481)\n        *   [분식/피자/핫도그](https://www.coupang.com/np/categories/225491)\n        *   [김치/젓갈/장류](https://www.coupang.com/np/categories/225537)\n        *   [반찬/절임](https://www.coupang.com/np/categories/225576)\n        *   [햄/어묵/맛살](https://www.coupang.com/np/categories/225609)\n        *   [두부/샐러드/도시락](https://www.coupang.com/np/categories/225626)\n\n    *   [과일](https://www.coupang.com/np/categories/194282)\n\n        *   [사과/배](https://www.coupang.com/np/categories/194284)\n        *   [귤/한라봉/감귤류](https://www.coupang.com/np/categories/194288)\n        *   [감/홍시/곶감](https://www.coupang.com/np/categories/194294)\n        *   [키위/참다래](https://www.coupang.com/np/categories/194300)\n        *   [토마토/자두/복숭아/포도](https://www.coupang.com/np/categories/194306)\n        *   [수박/메론/참외](https://www.coupang.com/np/categories/194315)\n        *   [딸기/블루베리/베리류](https://www.coupang.com/np/categories/194320)\n        *   [바나나/오렌지/파인애플](https://www.coupang.com/np/categories/194326)\n        *   [자몽/레몬/라임/석류](https://www.coupang.com/np/categories/194331)\n        *   [망고/체리/아보카도/기타](https://www.coupang.com/np/categories/194337)\n        *   [냉동과일/간편과일](https://www.coupang.com/np/categories/194358)\n        *   [과일선물세트](https://www.coupang.com/np/categories/194368)\n\n    *   [축산/계란](https://www.coupang.com/np/categories/194688)\n\n        *   [소고기](https://www.coupang.com/np/categories/194690)\n        *   [돼지고기](https://www.coupang.com/np/categories/194726)\n        *   [닭/오리고기](https://www.coupang.com/np/categories/194756)\n        *   [양/말고기](https://www.coupang.com/np/categories/194792)\n        *   [기타 육고기](https://www.coupang.com/np/categories/194805)\n        *   [계란/알류/가공란](https://www.coupang.com/np/categories/194810)\n        *   [축산선물세트](https://www.coupang.com/np/categories/194817)\n\n    *   [채소](https://www.coupang.com/np/categories/194432)\n\n        *   [두부/콩나물](https://www.coupang.com/np/categories/194434)\n        *   [감자/고구마](https://www.coupang.com/np/categories/194445)\n        *   [당근/뿌리채소](https://www.coupang.com/np/categories/194454)\n        *   [오이/고추/열매채소](https://www.coupang.com/np/categories/194485)\n        *   [양파/마늘/파](https://www.coupang.com/np/categories/194505)\n        *   [배추/무/김장채소](https://www.coupang.com/np/categories/194516)\n        *   [시금치/나물/잎줄기채소](https://www.coupang.com/np/categories/194537)\n        *   [상추/깻잎/쌈채소](https://www.coupang.com/np/categories/194569)\n        *   [샐러드/손질채소](https://www.coupang.com/np/categories/194575)\n        *   [새송이/버섯류](https://www.coupang.com/np/categories/194584)\n        *   [인삼/건강차재료](https://www.coupang.com/np/categories/194603)\n        *   [기타채소](https://www.coupang.com/np/categories/194619)\n        *   [건나물/건채소](https://www.coupang.com/np/categories/194620)\n        *   [더보기](https://www.coupang.com/np/categories/194432)\n\n    *   [수산물/건어물](https://www.coupang.com/np/categories/194829)\n\n        *   [생선](https://www.coupang.com/np/categories/194831)\n        *   [오징어/낙지/연체류](https://www.coupang.com/np/categories/194889)\n        *   [새우/게/갑각류](https://www.coupang.com/np/categories/194898)\n        *   [전복/굴/조개류](https://www.coupang.com/np/categories/194907)\n        *   [멸치/다시팩/기타](https://www.coupang.com/np/categories/194931)\n        *   [김/미역/해조류](https://www.coupang.com/np/categories/194938)\n        *   [건오징어/쥐포/어포](https://www.coupang.com/np/categories/194961)\n        *   [황태/진미채](https://www.coupang.com/np/categories/194975)\n        *   [생선알](https://www.coupang.com/np/categories/194980)\n        *   [기타수산물/건어물](https://www.coupang.com/np/categories/194988)\n        *   [수산물선물세트](https://www.coupang.com/np/categories/195000)\n\n    *   [더보기](https://www.coupang.com/np/categories/194276)\n\n[식품](https://www.coupang.com/mlp/web/mlp-landing-page?landingId=2619&subSourceType=gm_crm_rblbnr \"식품\")![Image 26: 식품](https://www.coupang.com/np/siteWideEvent?mlpPageId=2623&subSourceType=gm_crm_gwc1mainbnr_p1625_b1002021_c457087&sourceType=gm_crm_sssp&from=home_C1&traid=home_C1&trcid=812431000386)\n\n*   [주방용품](https://www.coupang.com/np/categories/185669)\n\n    *   [프리미엄 키친](https://www.coupang.com/np/campaigns/18867) \n    *   [브랜드 스토어](https://www.coupang.com/np/campaigns/19257) \n    *   [냄비/프라이팬](https://www.coupang.com/np/categories/185671)\n\n        *   [냄비/뚝배기](https://www.coupang.com/np/categories/185673)\n        *   [프라이팬](https://www.coupang.com/np/categories/185686)\n        *   [냄비/프라이팬세트](https://www.coupang.com/np/categories/185705)\n        *   [찜솥/들통](https://www.coupang.com/np/categories/185722)\n        *   [압력솥/가마솥](https://www.coupang.com/np/categories/185729)\n\n    *   [주방조리도구](https://www.coupang.com/np/categories/185976)\n\n        *   [조리도구](https://www.coupang.com/np/categories/186012)\n        *   [조리도구세트](https://www.coupang.com/np/categories/186038)\n        *   [가위/슬라이서/스퀴져](https://www.coupang.com/np/categories/186045)\n        *   [믹싱볼/대야](https://www.coupang.com/np/categories/186059)\n        *   [채반/소쿠리](https://www.coupang.com/np/categories/186063)\n        *   [다지기/절구/밀대](https://www.coupang.com/np/categories/186067)\n        *   [석쇠/버너/화로](https://www.coupang.com/np/categories/486528)\n        *   [야채탈수기](https://www.coupang.com/np/categories/186085)\n        *   [간식/도시락조리도구](https://www.coupang.com/np/categories/407524)\n        *   [베이킹용품](https://www.coupang.com/np/categories/509037)\n        *   [칼](https://www.coupang.com/np/categories/509166)\n        *   [도마](https://www.coupang.com/np/categories/508986)\n\n    *   [그릇/홈세트](https://www.coupang.com/np/categories/185735)\n\n        *   [식기홈세트](https://www.coupang.com/np/categories/185737)\n        *   [그릇/식기](https://www.coupang.com/np/categories/185744)\n        *   [접시/플레이트](https://www.coupang.com/np/categories/185782)\n        *   [식탁보/테이블매트](https://www.coupang.com/np/categories/486307)\n        *   [쟁반/베드트레이](https://www.coupang.com/np/categories/185792)\n        *   [이유/유아식기](https://www.coupang.com/np/categories/185764)\n        *   [제기/제수용품](https://www.coupang.com/np/categories/509147)\n\n    *   [컵/텀블러/와인용품](https://www.coupang.com/np/categories/185797)\n\n        *   [머그/드링크자](https://www.coupang.com/np/categories/185799)\n        *   [커피잔/찻잔](https://www.coupang.com/np/categories/185805)\n        *   [텀블러/콜드컵](https://www.coupang.com/np/categories/185804)\n        *   [유아동컵/빨대컵](https://www.coupang.com/np/categories/509280)\n        *   [물컵/주스컵/스텐컵](https://www.coupang.com/np/categories/185803)\n        *   [유리컵/맥주잔](https://www.coupang.com/np/categories/185811)\n        *   [와인용품](https://www.coupang.com/np/categories/508998)\n        *   [주류용품](https://www.coupang.com/np/categories/509134)\n        *   [컵소품](https://www.coupang.com/np/categories/185819)\n\n    *   [밀폐저장/도시락](https://www.coupang.com/np/categories/185872)\n\n        *   [밀폐보관용기](https://www.coupang.com/np/categories/185874)\n        *   [특수저장용기](https://www.coupang.com/np/categories/185884)\n        *   [양념통/오일병](https://www.coupang.com/np/categories/185896)\n        *   [쌀통/잡곡통/항아리](https://www.coupang.com/np/categories/185907)\n        *   [김치통/진공항아리](https://www.coupang.com/np/categories/185913)\n        *   [물병/물통/텀블러](https://www.coupang.com/np/categories/185914)\n        *   [도시락통/가방/찬합](https://www.coupang.com/np/categories/185940)\n        *   [이유식조리보관](https://www.coupang.com/np/categories/509268)\n        *   [유아동물병/도시락](https://www.coupang.com/np/categories/509273)\n\n    *   [수저/커트러리](https://www.coupang.com/np/categories/185823)\n\n        *   [수저/커트러리세트](https://www.coupang.com/np/categories/185825)\n        *   [숟가락/티스푼](https://www.coupang.com/np/categories/185831)\n        *   [젓가락](https://www.coupang.com/np/categories/185837)\n        *   [포크/디저트포크](https://www.coupang.com/np/categories/185841)\n        *   [나이프](https://www.coupang.com/np/categories/185846)\n        *   [유아동수저](https://www.coupang.com/np/categories/185852)\n        *   [서빙스푼/스쿱](https://www.coupang.com/np/categories/185863)\n        *   [수저통/수저받침](https://www.coupang.com/np/categories/185867)\n\n    *   [주방잡화](https://www.coupang.com/np/categories/399678)\n\n        *   [수세미/세척솔](https://www.coupang.com/np/categories/399679)\n        *   [고무장갑](https://www.coupang.com/np/categories/399685)\n        *   [행주](https://www.coupang.com/np/categories/399686)\n        *   [앞치마/오븐장갑](https://www.coupang.com/np/categories/399689)\n        *   [주방매트/다용도매트](https://www.coupang.com/np/categories/399696)\n        *   [식탁보/테이블매트](https://www.coupang.com/np/categories/399700)\n        *   [음식물쓰레기통](https://www.coupang.com/np/categories/399705)\n        *   [싱크대용품](https://www.coupang.com/np/categories/399708)\n        *   [아트보드/렌지가드](https://www.coupang.com/np/categories/399712)\n        *   [계량/저울/타이머](https://www.coupang.com/np/categories/399716)\n        *   [덮개/받침](https://www.coupang.com/np/categories/399723)\n        *   [냅킨/주방수건](https://www.coupang.com/np/categories/399732)\n        *   [오프너/병따개](https://www.coupang.com/np/categories/399736)\n        *   [더보기](https://www.coupang.com/np/categories/399678)\n\n    *   [주방수납/정리](https://www.coupang.com/np/categories/186147)\n\n        *   [공간별수납/정리](https://www.coupang.com/np/categories/384929)\n        *   [식기건조대/선반](https://www.coupang.com/np/categories/186149)\n        *   [주방정리소품](https://www.coupang.com/np/categories/403183)\n        *   [교자상](https://www.coupang.com/np/categories/509117)\n\n    *   [주전자/커피/티용품](https://www.coupang.com/np/categories/186412)\n\n        *   [주전자/티포트](https://www.coupang.com/np/categories/508880)\n        *   [커피용품](https://www.coupang.com/np/categories/186414)\n        *   [티용품](https://www.coupang.com/np/categories/186440)\n\n    *   [일회용품/종이컵](https://www.coupang.com/np/categories/186260)\n\n        *   [랩/호일/유산지](https://www.coupang.com/np/categories/186262)\n        *   [키친타올](https://www.coupang.com/np/categories/276482)\n        *   [일회용장갑](https://www.coupang.com/np/categories/186273)\n        *   [위생백/비닐봉투](https://www.coupang.com/np/categories/186277)\n        *   [일회용컵](https://www.coupang.com/np/categories/186285)\n        *   [일회용수저](https://www.coupang.com/np/categories/186298)\n        *   [일회용용기/도시락](https://www.coupang.com/np/categories/186305)\n        *   [배달일회용용품](https://www.coupang.com/np/categories/497112)\n        *   [빨대/스트로우](https://www.coupang.com/np/categories/186315)\n        *   [기타주방일회용품](https://www.coupang.com/np/categories/186322)\n\n    *   [주방가전](https://www.coupang.com/np/categories/186504)\n\n        *   [전기밥솥](https://www.coupang.com/np/categories/186506)\n        *   [전자레인지](https://www.coupang.com/np/categories/445266)\n        *   [오븐](https://www.coupang.com/np/categories/445267)\n        *   [가스레인지](https://www.coupang.com/np/categories/384889)\n        *   [전기레인지](https://www.coupang.com/np/categories/384890)\n        *   [식기세척/건조기](https://www.coupang.com/np/categories/186585)\n        *   [믹서기/블렌더](https://www.coupang.com/np/categories/186543)\n        *   [커피메이커/머신](https://www.coupang.com/np/categories/186533)\n        *   [빙수기/제빙기](https://www.coupang.com/np/categories/427583)\n        *   [전기포트](https://www.coupang.com/np/categories/384907)\n        *   [에어프라이어](https://www.coupang.com/np/categories/445272)\n        *   [튀김기](https://www.coupang.com/np/categories/445273)\n        *   [토스터](https://www.coupang.com/np/categories/445278)\n        *   [더보기](https://www.coupang.com/np/categories/186504)\n\n    *   [1인가구 주방용품](https://www.coupang.com/np/categories/429840)\n\n        *   [1인 식기세트](https://www.coupang.com/np/campaigns/2346)\n        *   [샐러드볼/시리얼볼](https://www.coupang.com/np/categories/429842)\n        *   [미니밥솥](https://www.coupang.com/np/campaigns/2159)\n        *   [냉동밥 보관용기](https://www.coupang.com/np/campaigns/2373)\n        *   [홈바](https://www.coupang.com/np/categories/429847)\n        *   [전자레인지](https://www.coupang.com/np/categories/429853)\n        *   [전기레인지](https://www.coupang.com/np/campaigns/2369)\n        *   [에어프라이어](https://www.coupang.com/np/categories/429855)\n        *   [멀티포트/티포트](https://www.coupang.com/np/categories/429856)\n        *   [핸드블렌더](https://www.coupang.com/np/categories/429857)\n        *   [토스터](https://www.coupang.com/np/categories/429858)\n        *   [냄비/프라이팬](https://www.coupang.com/np/categories/429859)\n        *   [칼/가위/도마](https://www.coupang.com/np/categories/429862)\n        *   [더보기](https://www.coupang.com/np/categories/429840)\n\n    *   [보온/보냉용품](https://www.coupang.com/np/categories/185955)\n\n        *   [보온/보냉병](https://www.coupang.com/np/categories/185957)\n        *   [보온/보냉도시락](https://www.coupang.com/np/categories/185958)\n        *   [보온죽통/푸드자](https://www.coupang.com/np/categories/185962)\n        *   [보온/보냉텀블러](https://www.coupang.com/np/categories/185963)\n        *   [보온/보냉주전자](https://www.coupang.com/np/categories/185964)\n        *   [아이스박스/아이스팩](https://www.coupang.com/np/categories/185965)\n        *   [아이스물통/워터저그](https://www.coupang.com/np/categories/185969)\n        *   [쿨러백/보온보냉소품](https://www.coupang.com/np/categories/185970)\n\n[주방용품](https://pages.coupang.com/p/156127 \"주방용품\")![Image 27: 주방용품](https://www.coupang.com/np/siteWideEvent?mlpPageId=2623&subSourceType=gm_crm_gwc1mainbnr_p1625_b1002021_c457087&sourceType=gm_crm_sssp&from=home_C1&traid=home_C1&trcid=812431000386)\n\n*   [생활용품](https://www.coupang.com/np/categories/115673)\n\n    *   [헤어](https://www.coupang.com/np/categories/123111)\n\n        *   [샴푸/린스](https://www.coupang.com/np/categories/123139)\n        *   [트리트먼트/팩/앰플](https://www.coupang.com/np/categories/123170)\n        *   [스타일링/케어/세트](https://www.coupang.com/np/categories/126790)\n        *   [염색/파마](https://www.coupang.com/np/categories/126791)\n\n    *   [바디/세안](https://www.coupang.com/np/categories/509357)\n\n        *   [샤워/입욕용품](https://www.coupang.com/np/categories/509358)\n        *   [바디로션/크림](https://www.coupang.com/np/categories/509509)\n        *   [핸드/풋/데오](https://www.coupang.com/np/categories/509518)\n        *   [제모/슬리밍/청결제](https://www.coupang.com/np/categories/509543)\n        *   [클렌징/필링](https://www.coupang.com/np/categories/509562)\n\n    *   [구강/면도](https://www.coupang.com/np/categories/114471)\n\n        *   [면도기/날](https://www.coupang.com/np/categories/114563)\n        *   [면도크림/젤](https://www.coupang.com/np/categories/114564)\n        *   [치약](https://www.coupang.com/np/categories/114565)\n        *   [칫솔](https://www.coupang.com/np/categories/114566)\n        *   [전동칫솔/칫솔모](https://www.coupang.com/np/categories/281742)\n        *   [치약/칫솔 세트](https://www.coupang.com/np/categories/159429)\n        *   [구강청결제](https://www.coupang.com/np/categories/114567)\n        *   [치실/치간칫솔](https://www.coupang.com/np/categories/114568)\n        *   [치아미백제](https://www.coupang.com/np/categories/114569)\n        *   [구강보조용품](https://www.coupang.com/np/categories/114570)\n\n    *   [화장지/물티슈](https://www.coupang.com/np/categories/465071)\n\n        *   [화장지](https://www.coupang.com/np/categories/465073)\n        *   [갑티슈/여행용티슈](https://www.coupang.com/np/categories/465074)\n        *   [물티슈/비데티슈](https://www.coupang.com/np/categories/465075)\n        *   [키친타올](https://www.coupang.com/np/categories/465076)\n\n    *   [생리대/성인용기저귀](https://www.coupang.com/np/categories/465072)\n\n        *   [일반생리대](https://www.coupang.com/np/categories/465077)\n        *   [오버나이트](https://www.coupang.com/np/categories/465078)\n        *   [팬티라이너](https://www.coupang.com/np/categories/465079)\n        *   [체내형/생리컵](https://www.coupang.com/np/categories/465080)\n        *   [면 생리대](https://www.coupang.com/np/categories/465081)\n        *   [산모/임산부패드](https://www.coupang.com/np/categories/465083)\n        *   [위생/생리팬티](https://www.coupang.com/np/categories/465084)\n        *   [성인용기저귀/패드](https://www.coupang.com/np/categories/465082)\n        *   [여성청결제](https://www.coupang.com/np/categories/465085)\n\n    *   [기저귀](https://www.coupang.com/np/categories/502258)\n\n        *   [일회용기저귀](https://www.coupang.com/np/categories/502259)\n        *   [수영장기저귀](https://www.coupang.com/np/categories/502263)\n        *   [천기저귀/액세서리](https://www.coupang.com/np/categories/502264)\n        *   [배변훈련팬티](https://www.coupang.com/np/categories/502268)\n        *   [기저귀케익](https://www.coupang.com/np/categories/502269)\n        *   [기저귀크림/파우더](https://www.coupang.com/np/categories/502270)\n        *   [기저귀정리함](https://www.coupang.com/np/categories/502274)\n        *   [기저귀매트](https://www.coupang.com/np/categories/502275)\n        *   [기저귀통/봉투](https://www.coupang.com/np/categories/502279)\n        *   [기저귀가방](https://www.coupang.com/np/categories/502282)\n\n    *   [세탁세제](https://www.coupang.com/np/categories/399742)\n\n        *   [액체세제](https://www.coupang.com/np/categories/399743)\n        *   [분말세제](https://www.coupang.com/np/categories/399744)\n        *   [캡슐세제](https://www.coupang.com/np/categories/399745)\n        *   [시트세제](https://www.coupang.com/np/categories/498014)\n        *   [섬유유연제](https://www.coupang.com/np/categories/498015)\n        *   [울세제/홈드라이세제](https://www.coupang.com/np/categories/498016)\n        *   [섬유항균제](https://www.coupang.com/np/categories/564321)\n        *   [향기지속제](https://www.coupang.com/np/categories/399747)\n        *   [표백제](https://www.coupang.com/np/categories/399748)\n        *   [세탁비누](https://www.coupang.com/np/categories/399750)\n        *   [얼룩/찌든때 제거제](https://www.coupang.com/np/categories/399751)\n        *   [운동화/가죽크리너](https://www.coupang.com/np/categories/399752)\n        *   [유아세제/섬유유연제](https://www.coupang.com/np/categories/399753)\n        *   [더보기](https://www.coupang.com/np/categories/399742)\n\n    *   [청소/주방세제](https://www.coupang.com/np/categories/399758)\n\n        *   [친환경/천연세제](https://www.coupang.com/np/categories/498021)\n        *   [청소세제](https://www.coupang.com/np/categories/399760)\n        *   [주방세제](https://www.coupang.com/np/categories/399773)\n        *   [세제선물세트](https://www.coupang.com/np/categories/399783)\n\n    *   [탈취/방향/살충](https://www.coupang.com/np/categories/114472)\n\n        *   [탈취제](https://www.coupang.com/np/categories/114596)\n        *   [제습제](https://www.coupang.com/np/categories/154294)\n        *   [방향제](https://www.coupang.com/np/categories/114597)\n        *   [캔들/디퓨저](https://www.coupang.com/np/categories/154289)\n        *   [살충제/벌레약](https://www.coupang.com/np/categories/363658)\n        *   [야외활동케어](https://www.coupang.com/np/categories/363664)\n        *   [방충용품](https://www.coupang.com/np/categories/363669)\n        *   [곰팡이/진드기](https://www.coupang.com/np/categories/363677)\n\n    *   [건강/의료용품](https://www.coupang.com/np/categories/114473)\n\n        *   [마스크](https://www.coupang.com/np/categories/114642)\n        *   [의약외품/상비용품](https://www.coupang.com/np/categories/114650)\n        *   [눈/렌즈용품](https://www.coupang.com/np/categories/114641)\n        *   [코/수면용품](https://www.coupang.com/np/categories/114646)\n        *   [자세교정/보호대](https://www.coupang.com/np/categories/114643)\n        *   [마사지용품](https://www.coupang.com/np/categories/373491)\n        *   [한방/찜질용품](https://www.coupang.com/np/categories/114645)\n        *   [건강측정용품](https://www.coupang.com/np/categories/114644)\n        *   [전문의료용품](https://www.coupang.com/np/categories/114651)\n        *   [건강액세서리](https://www.coupang.com/np/categories/114648)\n        *   [활동보조용품](https://www.coupang.com/np/categories/114647)\n\n    *   [성인용품(19)](https://www.coupang.com/np/categories/174692)\n\n        *   [콘돔](https://www.coupang.com/np/categories/219159)\n        *   [러브젤](https://www.coupang.com/np/categories/510373)\n        *   [마사지젤/오일](https://www.coupang.com/np/categories/403213)\n        *   [성인 완구/게임(19)](https://www.coupang.com/np/categories/219162)\n        *   [성인용품세트(19)](https://www.coupang.com/np/categories/305527)\n        *   [성인 란제리(19)](https://www.coupang.com/np/categories/174704)\n        *   [성인 코스튬(19)](https://www.coupang.com/np/categories/247512)\n        *   [성인 가구(19)](https://www.coupang.com/np/categories/219171)\n        *   [구속/처벌 용품(19)](https://www.coupang.com/np/categories/219172)\n        *   [성인 도서/DVD(19)](https://www.coupang.com/np/categories/174714)\n        *   [금연/흡연용품(19)](https://www.coupang.com/np/categories/379778)\n\n    *   [세탁/청소용품](https://www.coupang.com/np/categories/225844)\n\n        *   [청소용품](https://www.coupang.com/np/categories/225845)\n        *   [밀대/청소포](https://www.coupang.com/np/categories/225852)\n        *   [빨래건조대](https://www.coupang.com/np/categories/225865)\n        *   [빨래용품](https://www.coupang.com/np/categories/225861)\n        *   [휴지통](https://www.coupang.com/np/categories/225871)\n        *   [분리수거함](https://www.coupang.com/np/categories/225866)\n        *   [먼지제거/클리너](https://www.coupang.com/np/categories/225872)\n        *   [세탁/다림용품](https://www.coupang.com/np/categories/225878)\n\n    *   [욕실용품](https://www.coupang.com/np/categories/419509)\n\n        *   [샤워기/헤드](https://www.coupang.com/np/categories/419510)\n        *   [목욕/샤워용품](https://www.coupang.com/np/categories/419523)\n        *   [수건/타월](https://www.coupang.com/np/categories/419534)\n        *   [욕실수납/정리](https://www.coupang.com/np/categories/419547)\n        *   [욕실화](https://www.coupang.com/np/categories/419557)\n        *   [욕실매트/발판](https://www.coupang.com/np/categories/419542)\n        *   [욕조](https://www.coupang.com/np/categories/419517)\n        *   [세면대/세면기](https://www.coupang.com/np/categories/419559)\n        *   [변기/비데용품](https://www.coupang.com/np/categories/419562)\n        *   [욕실거울](https://www.coupang.com/np/categories/419558)\n        *   [욕실용품/잡화](https://www.coupang.com/np/categories/419569)\n        *   [유아욕실용품](https://www.coupang.com/np/campaigns/1982)\n        *   [수전용품](https://www.coupang.com/np/categories/419578)\n        *   [더보기](https://www.coupang.com/np/categories/419509)\n\n    *   [생활전기용품](https://www.coupang.com/np/categories/399909)\n\n        *   [멀티탭/연장선](https://www.coupang.com/np/categories/399910)\n        *   [전구/램프](https://www.coupang.com/np/categories/399915)\n        *   [조명기구/부속](https://www.coupang.com/np/categories/399922)\n        *   [전선정리용품](https://www.coupang.com/np/categories/399932)\n        *   [전기설비/자재](https://www.coupang.com/np/categories/399937)\n        *   [건전지/배터리](https://www.coupang.com/np/categories/399946)\n\n    *   [수납/정리](https://www.coupang.com/np/categories/114727)\n\n        *   [선반/진열대](https://www.coupang.com/np/categories/115136)\n        *   [리빙박스](https://www.coupang.com/np/categories/115133)\n        *   [이사박스/종이박스](https://www.coupang.com/np/categories/403207)\n        *   [수납장/서랍장](https://www.coupang.com/np/categories/115135)\n        *   [바구니/칸막이](https://www.coupang.com/np/categories/115134)\n        *   [행거](https://www.coupang.com/np/categories/115131)\n        *   [옷걸이](https://www.coupang.com/np/categories/115132)\n        *   [압축팩/커버](https://www.coupang.com/np/categories/115172)\n        *   [슈즈렉/우산꽂이](https://www.coupang.com/np/categories/156717)\n        *   [수납케이스](https://www.coupang.com/np/categories/224851)\n        *   [욕실정리용품](https://www.coupang.com/np/categories/225886)\n        *   [휴지통/분리수거함](https://www.coupang.com/np/categories/225895)\n\n    *   [주방수납/잡화](https://www.coupang.com/np/categories/105903)\n\n        *   [주방수납](https://www.coupang.com/np/categories/105905)\n        *   [주방세척도구](https://www.coupang.com/np/categories/105916)\n        *   [주방잡화](https://www.coupang.com/np/categories/105931)\n        *   [주방일회용품](https://www.coupang.com/np/categories/105975)\n\n    *   [더보기](https://www.coupang.com/np/categories/115673)\n\n[생활용품](https://pages.coupang.com/p/157742?sourceType=gm_crm_oms&subSourceType=gm_crm_plpwgtrfltd \"생활용품\")![Image 28: 생활용품](https://www.coupang.com/np/siteWideEvent?mlpPageId=2623&subSourceType=gm_crm_gwc1mainbnr_p1625_b1002021_c457087&sourceType=gm_crm_sssp&from=home_C1&traid=home_C1&trcid=812431000386)\n\n*   [홈인테리어](https://www.coupang.com/np/categories/184555)\n\n    *   [프리미엄 조명](https://www.coupang.com/np/campaigns/22714) \n    *   [크리스마스용품](https://www.coupang.com/np/categories/185343)\n\n        *   [쿠팡 수입](https://www.coupang.com/np/campaigns/21313)\n        *   [크리스마스 트리](https://www.coupang.com/np/categories/185345)\n        *   [크리스마스 조명](https://www.coupang.com/np/categories/407305)\n        *   [크리스마스 오너먼트](https://www.coupang.com/np/campaigns/21315)\n        *   [크리스마스 소품](https://www.coupang.com/np/categories/407308)\n        *   [크리스마스 디퓨저](https://www.coupang.com/np/categories/407309)\n        *   [크리스마스 캔들/워머](https://www.coupang.com/np/categories/362457)\n\n    *   [방한용품](https://www.coupang.com/np/categories/508188)\n\n        *   [손난로/핫팩](https://www.coupang.com/np/categories/508189)\n        *   [보온/난방텐트](https://www.coupang.com/np/categories/508190)\n        *   [단열에어캡/단열필름](https://www.coupang.com/np/categories/508191)\n        *   [방풍비닐](https://www.coupang.com/np/categories/508192)\n        *   [문풍지/틈막이](https://www.coupang.com/np/categories/508193)\n        *   [폼블럭/단열벽지](https://www.coupang.com/np/categories/508194)\n        *   [물기흡수 테이프](https://www.coupang.com/np/categories/508195)\n        *   [방한커튼](https://www.coupang.com/np/categories/508196)\n\n    *   [FW 침구샵](https://www.coupang.com/np/categories/317255)\n\n        *   [이불/침구세트](https://www.coupang.com/np/categories/317256)\n        *   [매트리스/토퍼](https://www.coupang.com/np/categories/491427)\n        *   [패드/스프레드](https://www.coupang.com/np/categories/317268)\n        *   [침구커버](https://www.coupang.com/np/categories/317273)\n        *   [난방텐트](https://www.coupang.com/np/categories/317320)\n        *   [베개/바디필로우](https://www.coupang.com/np/categories/317278)\n        *   [커튼/블라인드](https://www.coupang.com/np/categories/317299)\n        *   [카페트/쿠션](https://www.coupang.com/np/categories/317282)\n        *   [가전/가구 커버](https://www.coupang.com/np/categories/396230)\n        *   [유아동침구](https://www.coupang.com/np/categories/317321)\n\n    *   [로켓설치 가구](https://www.coupang.com/np/campaigns/6733) \n    *   [홈데코/디퓨저](https://www.coupang.com/np/categories/417542)\n\n        *   [캔들/캔들홀더](https://www.coupang.com/np/categories/417543)\n        *   [디퓨저/방향제](https://www.coupang.com/np/categories/417572)\n        *   [화병/화분](https://www.coupang.com/np/categories/417607)\n        *   [조화/드라이플라워](https://www.coupang.com/np/categories/417615)\n        *   [홈데코 소품](https://www.coupang.com/np/categories/417622)\n        *   [시계](https://www.coupang.com/np/categories/417644)\n        *   [거울](https://www.coupang.com/np/categories/417650)\n        *   [액자](https://www.coupang.com/np/categories/417656)\n        *   [그림/사진](https://www.coupang.com/np/categories/417657)\n        *   [시트지/스티커](https://www.coupang.com/np/categories/417663)\n        *   [조명/스탠드](https://www.coupang.com/np/campaigns/1648)\n        *   [러그/카페트](https://www.coupang.com/np/campaigns/1650)\n        *   [쿠션/방석](https://www.coupang.com/np/campaigns/1652)\n        *   [더보기](https://www.coupang.com/np/categories/417542)\n\n    *   [조명/스탠드](https://www.coupang.com/np/categories/407567)\n\n        *   [장스탠드](https://www.coupang.com/np/categories/407569)\n        *   [단스탠드](https://www.coupang.com/np/categories/407570)\n        *   [무드등](https://www.coupang.com/np/categories/407571)\n        *   [줄조명](https://www.coupang.com/np/categories/407572)\n        *   [학생스탠드](https://www.coupang.com/np/categories/407573)\n        *   [북라이트](https://www.coupang.com/np/categories/407574)\n        *   [LED캔들](https://www.coupang.com/np/categories/407575)\n        *   [천장등/벽등](https://www.coupang.com/np/categories/407576)\n        *   [전구/형광등](https://www.coupang.com/np/categories/407583)\n        *   [네온사인](https://www.coupang.com/np/categories/445241)\n        *   [퍽라이트](https://www.coupang.com/np/categories/445242)\n\n    *   [커튼/블라인드](https://www.coupang.com/np/categories/185101)\n\n        *   [커튼](https://www.coupang.com/np/categories/185103)\n        *   [블라인드/쉐이드](https://www.coupang.com/np/categories/185110)\n        *   [롤스크린](https://www.coupang.com/np/categories/185119)\n        *   [버티컬](https://www.coupang.com/np/categories/185120)\n        *   [문발](https://www.coupang.com/np/categories/185121)\n        *   [커튼부자재](https://www.coupang.com/np/categories/185127)\n        *   [난방텐트](https://www.coupang.com/np/categories/185149)\n        *   [모기장/캐노피](https://www.coupang.com/np/categories/185142)\n\n    *   [카페트/쿠션](https://www.coupang.com/np/categories/185150)\n\n        *   [러그/카페트](https://www.coupang.com/np/categories/185152)\n        *   [발매트/주방매트](https://www.coupang.com/np/categories/197131)\n        *   [놀이/다용도매트](https://www.coupang.com/np/categories/185158)\n        *   [원목/대자리](https://www.coupang.com/np/categories/197132)\n        *   [쿠션/방석](https://www.coupang.com/np/categories/400899)\n        *   [거실화](https://www.coupang.com/np/categories/400928)\n        *   [소파패드/커버](https://www.coupang.com/np/categories/400929)\n        *   [가전/가구커버](https://www.coupang.com/np/categories/400932)\n        *   [홈패브릭](https://www.coupang.com/np/categories/400952)\n\n    *   [가구](https://www.coupang.com/np/categories/184557)\n\n        *   [침실가구](https://www.coupang.com/np/categories/184559)\n        *   [드레스룸](https://www.coupang.com/np/categories/434922)\n        *   [거실가구](https://www.coupang.com/np/categories/184621)\n        *   [주방가구](https://www.coupang.com/np/categories/184674)\n        *   [학생/사무용가구](https://www.coupang.com/np/categories/184699)\n        *   [유아동가구](https://www.coupang.com/np/categories/184749)\n        *   [야외가구](https://www.coupang.com/np/categories/184780)\n        *   [수납가구](https://www.coupang.com/np/categories/434961)\n\n    *   [수납/정리](https://www.coupang.com/np/categories/184791)\n\n        *   [행거](https://www.coupang.com/np/categories/184793)\n        *   [옷걸이/도어훅](https://www.coupang.com/np/categories/184799)\n        *   [리빙박스](https://www.coupang.com/np/categories/184805)\n        *   [바구니/바스켓](https://www.coupang.com/np/categories/403222)\n        *   [압축팩/커버](https://www.coupang.com/np/categories/403223)\n        *   [틈새서랍/정리함](https://www.coupang.com/np/categories/184812)\n        *   [선반/정리대](https://www.coupang.com/np/categories/184817)\n        *   [기타정리용품](https://www.coupang.com/np/categories/184823)\n        *   [휴지통](https://www.coupang.com/np/categories/379727)\n\n    *   [침대/매트리스](https://www.coupang.com/np/campaigns/22261) \n    *   [침구](https://www.coupang.com/np/categories/400472)\n\n        *   [이불](https://www.coupang.com/np/categories/400473)\n        *   [요/패드](https://www.coupang.com/np/categories/400481)\n        *   [매트](https://www.coupang.com/np/categories/400491)\n        *   [이불솜/속](https://www.coupang.com/np/categories/400495)\n        *   [침구커버](https://www.coupang.com/np/categories/400501)\n        *   [침구세트](https://www.coupang.com/np/categories/400507)\n        *   [유아동침구](https://www.coupang.com/np/categories/400512)\n        *   [베개](https://www.coupang.com/np/categories/400534)\n        *   [롱쿠션/바디필로우](https://www.coupang.com/np/categories/400543)\n        *   [담요](https://www.coupang.com/np/categories/400546)\n        *   [죽부인](https://www.coupang.com/np/categories/400547)\n        *   [쿨매트](https://www.coupang.com/np/categories/400548)\n        *   [전기/온수매트](https://www.coupang.com/np/categories/400549)\n\n    *   [수예/수선](https://www.coupang.com/np/categories/400554)\n\n        *   [원단](https://www.coupang.com/np/categories/400555)\n        *   [실](https://www.coupang.com/np/categories/400562)\n        *   [바늘](https://www.coupang.com/np/categories/400572)\n        *   [반짇고리세트](https://www.coupang.com/np/categories/400586)\n        *   [재봉틀 용품](https://www.coupang.com/np/categories/400587)\n        *   [수선/재단도구](https://www.coupang.com/np/categories/400596)\n        *   [단추/레이스](https://www.coupang.com/np/categories/400620)\n        *   [장식/부자재](https://www.coupang.com/np/categories/400637)\n        *   [솜/보충재](https://www.coupang.com/np/categories/400654)\n        *   [뜨개질용품](https://www.coupang.com/np/categories/400663)\n        *   [자수/십자수](https://www.coupang.com/np/categories/400677)\n        *   [가죽공예](https://www.coupang.com/np/categories/400703)\n        *   [퀼트](https://www.coupang.com/np/categories/400748)\n        *   [더보기](https://www.coupang.com/np/categories/400554)\n\n    *   [공구/철물/DIY](https://www.coupang.com/np/categories/510113)\n\n        *   [전동/정밀공구](https://www.coupang.com/np/categories/510114)\n        *   [수공구/절단도구](https://www.coupang.com/np/categories/510126)\n        *   [공구함](https://www.coupang.com/np/categories/510142)\n        *   [측정/측량도구](https://www.coupang.com/np/categories/510143)\n        *   [배관/건축자재](https://www.coupang.com/np/categories/510155)\n        *   [사다리/운반용품](https://www.coupang.com/np/categories/510179)\n        *   [모터/에어공구](https://www.coupang.com/np/categories/510184)\n        *   [나사/못/체결도구](https://www.coupang.com/np/categories/510193)\n        *   [접착/보수용품](https://www.coupang.com/np/categories/510203)\n        *   [토치/용접공구](https://www.coupang.com/np/categories/510216)\n        *   [페인트/도구](https://www.coupang.com/np/categories/510222)\n\n    *   [생활전기용품](https://www.coupang.com/np/categories/510083)\n\n        *   [멀티탭/연장선](https://www.coupang.com/np/categories/510084)\n        *   [전구/램프](https://www.coupang.com/np/categories/510089)\n        *   [조명기구/부속](https://www.coupang.com/np/categories/510096)\n        *   [건전지/배터리](https://www.coupang.com/np/categories/510106)\n\n    *   [더보기](https://www.coupang.com/np/categories/184555)\n\n[홈인테리어](https://pages.coupang.com/p/156127 \"홈인테리어\")![Image 29: 홈인테리어](https://www.coupang.com/np/siteWideEvent?mlpPageId=2623&subSourceType=gm_crm_gwc1mainbnr_p1625_b1002021_c457087&sourceType=gm_crm_sssp&from=home_C1&traid=home_C1&trcid=812431000386)\n\n*   [가전디지털](https://www.coupang.com/np/categories/178255)\n\n    *   [TV/영상가전](https://www.coupang.com/np/categories/178454)\n\n        *   [TV](https://www.coupang.com/np/categories/178456)\n        *   [미러링/스트리밍](https://www.coupang.com/np/categories/509601)\n        *   [TV 액세서리](https://www.coupang.com/np/categories/178462)\n        *   [블루레이/DVD/DivX](https://www.coupang.com/np/categories/178475)\n        *   [빔/프로젝터/스크린](https://www.coupang.com/np/categories/178481)\n\n    *   [냉장고](https://www.coupang.com/np/categories/403245)\n\n        *   [3/4도어냉장고](https://www.coupang.com/np/categories/403246)\n        *   [2도어 냉장고](https://www.coupang.com/np/categories/403247)\n        *   [1도어 냉장고](https://www.coupang.com/np/categories/403248)\n        *   [미니냉장고](https://www.coupang.com/np/categories/403249)\n        *   [김치냉장고](https://www.coupang.com/np/categories/403250)\n        *   [냉동고](https://www.coupang.com/np/categories/403251)\n        *   [전용냉장고](https://www.coupang.com/np/categories/403252)\n\n    *   [세탁기/건조기](https://www.coupang.com/np/categories/486733)\n\n        *   [세탁기건조기세트](https://www.coupang.com/np/categories/509624)\n        *   [세탁기](https://www.coupang.com/np/categories/486734)\n        *   [건조기](https://www.coupang.com/np/categories/486735)\n        *   [의류관리기](https://www.coupang.com/np/categories/486736)\n        *   [신발건조기](https://www.coupang.com/np/categories/486737)\n        *   [탈수기](https://www.coupang.com/np/categories/486738)\n        *   [액세서리](https://www.coupang.com/np/categories/486739)\n\n    *   [생활가전](https://www.coupang.com/np/categories/178627)\n\n        *   [공기청정기](https://www.coupang.com/np/categories/178663)\n        *   [다리미/재봉/보풀](https://www.coupang.com/np/categories/178658)\n        *   [도어록/비디오폰](https://www.coupang.com/np/categories/178667)\n        *   [비데/온수기](https://www.coupang.com/np/categories/178673)\n        *   [전동칫솔/살균기](https://www.coupang.com/np/categories/178685)\n        *   [학습용 스탠드](https://www.coupang.com/np/categories/178702)\n        *   [전화기/무전기](https://www.coupang.com/np/categories/178703)\n\n    *   [청소기](https://www.coupang.com/np/categories/413352)\n\n        *   [먼지비움청소기](https://www.coupang.com/np/campaigns/17009)\n        *   [스틱청소기](https://www.coupang.com/np/categories/413353)\n        *   [진공청소기](https://www.coupang.com/np/categories/413354)\n        *   [로봇청소기](https://www.coupang.com/np/categories/413355)\n        *   [물걸레청소기](https://www.coupang.com/np/categories/413356)\n        *   [침구청소기](https://www.coupang.com/np/categories/413357)\n        *   [핸디청소기](https://www.coupang.com/np/categories/413358)\n        *   [스팀청소기](https://www.coupang.com/np/categories/413359)\n        *   [차량용청소기](https://www.coupang.com/np/categories/413360)\n        *   [업소용청소기](https://www.coupang.com/np/categories/413361)\n        *   [필터/액세서리](https://www.coupang.com/np/categories/413362)\n\n    *   [계절가전](https://www.coupang.com/np/categories/227812)\n\n        *   [공기청정기](https://www.coupang.com/np/categories/238887)\n        *   [선풍기](https://www.coupang.com/np/categories/388046)\n        *   [에어컨](https://www.coupang.com/np/categories/227820)\n        *   [제습기](https://www.coupang.com/np/categories/238886)\n        *   [서큘레이터](https://www.coupang.com/np/categories/306335)\n        *   [냉풍기](https://www.coupang.com/np/categories/388055)\n        *   [건조기/탈수기](https://www.coupang.com/np/categories/227847)\n        *   [모기/해충 퇴치기](https://www.coupang.com/np/categories/227853)\n        *   [가습기/에어워셔](https://www.coupang.com/np/categories/247567)\n        *   [전기요/매트](https://www.coupang.com/np/categories/247548)\n        *   [냉온수매트](https://www.coupang.com/np/categories/228864)\n        *   [히터/온풍기](https://www.coupang.com/np/categories/247553)\n        *   [손난로/발난로](https://www.coupang.com/np/categories/247564)\n\n    *   [뷰티/헤어가전](https://www.coupang.com/np/categories/333478)\n\n        *   [헤어드라이어](https://www.coupang.com/np/categories/486670)\n        *   [고데기/매직기](https://www.coupang.com/np/categories/486673)\n        *   [헤어스타일러](https://www.coupang.com/np/categories/333479)\n        *   [두피/헤어관리](https://www.coupang.com/np/categories/333492)\n        *   [피부관리기기](https://www.coupang.com/np/categories/333496)\n        *   [면도기/이발기](https://www.coupang.com/np/categories/333519)\n        *   [제모기](https://www.coupang.com/np/categories/333522)\n        *   [눈썹/네일관리](https://www.coupang.com/np/categories/333527)\n\n    *   [건강가전](https://www.coupang.com/np/categories/178713)\n\n        *   [안마의자](https://www.coupang.com/np/categories/509621)\n        *   [안마/찜질기](https://www.coupang.com/np/categories/178715)\n        *   [전동칫솔/구강가전](https://www.coupang.com/np/categories/178722)\n        *   [비데](https://www.coupang.com/np/categories/178739)\n        *   [건강측정/의료기](https://www.coupang.com/np/categories/178744)\n        *   [살균/소독기](https://www.coupang.com/np/categories/466380)\n        *   [손건조기/소독기](https://www.coupang.com/np/categories/178751)\n\n    *   [주방가전](https://www.coupang.com/np/categories/445736)\n\n        *   [전기밥솥](https://www.coupang.com/np/categories/445737)\n        *   [전자레인지](https://www.coupang.com/np/categories/445743)\n        *   [오븐](https://www.coupang.com/np/categories/445744)\n        *   [가스레인지](https://www.coupang.com/np/categories/445747)\n        *   [전기레인지](https://www.coupang.com/np/categories/445748)\n        *   [식기세척/건조기](https://www.coupang.com/np/categories/445753)\n        *   [믹서기/블렌더](https://www.coupang.com/np/categories/445758)\n        *   [커피메이커/머신](https://www.coupang.com/np/categories/445770)\n        *   [빙수기/제빙기](https://www.coupang.com/np/categories/445779)\n        *   [전기포트](https://www.coupang.com/np/categories/445784)\n        *   [에어프라이어](https://www.coupang.com/np/categories/510536)\n        *   [튀김기](https://www.coupang.com/np/categories/465013)\n        *   [토스터](https://www.coupang.com/np/categories/445793)\n        *   [더보기](https://www.coupang.com/np/categories/445736)\n\n    *   [노트북](https://www.coupang.com/np/categories/497135) \n    *   [데스크탑](https://www.coupang.com/np/categories/497136)\n\n        *   [브랜드PC](https://www.coupang.com/np/categories/497137)\n        *   [일체형PC](https://www.coupang.com/np/categories/497138)\n        *   [조립PC](https://www.coupang.com/np/categories/497139)\n        *   [미니PC](https://www.coupang.com/np/categories/497140)\n\n    *   [모니터](https://www.coupang.com/np/categories/510541)\n\n        *   [일반 모니터](https://www.coupang.com/np/categories/510542)\n        *   [휴대용 모니터](https://www.coupang.com/np/campaigns/19498)\n        *   [스마트 모니터](https://www.coupang.com/np/campaigns/19500)\n        *   [게이밍 모니터](https://www.coupang.com/np/campaigns/19496)\n\n    *   [휴대폰](https://www.coupang.com/np/categories/497244) \n    *   [태블릿PC](https://www.coupang.com/np/categories/497245)\n\n        *   [태블릿PC](https://www.coupang.com/np/categories/497246)\n        *   [액세서리](https://www.coupang.com/np/categories/497247)\n\n    *   [스마트워치/밴드](https://www.coupang.com/np/categories/497252)\n\n        *   [스마트워치](https://www.coupang.com/np/categories/497253)\n        *   [스마트밴드](https://www.coupang.com/np/categories/497254)\n        *   [스마트링](https://www.coupang.com/np/categories/565335)\n        *   [액세서리](https://www.coupang.com/np/categories/503019)\n\n    *   [게임](https://www.coupang.com/np/categories/395267)\n\n        *   [게이밍노트북](https://www.coupang.com/np/campaigns/1366)\n        *   [게이밍데스크탑](https://www.coupang.com/np/campaigns/1596)\n        *   [게이밍모니터](https://www.coupang.com/np/campaigns/1391)\n        *   [마우스/키보드/헤드셋](https://www.coupang.com/np/categories/395274)\n        *   [그래픽카드/메인보드](https://www.coupang.com/np/categories/395288)\n        *   [PC타이틀/주변기기](https://www.coupang.com/np/categories/395291)\n        *   [플레이스테이션](https://www.coupang.com/np/categories/395299)\n        *   [닌텐도](https://www.coupang.com/np/categories/395306)\n        *   [XBOX](https://www.coupang.com/np/categories/395311)\n        *   [레트로/기타게임](https://www.coupang.com/np/categories/395322)\n        *   [휴대폰게임](https://www.coupang.com/np/categories/395326)\n\n    *   [더보기](https://www.coupang.com/np/categories/178255)\n\n[가전디지털](https://pages.coupang.com/p/156921 \"가전디지털\")![Image 30: 가전디지털](https://www.coupang.com/np/siteWideEvent?mlpPageId=2623&subSourceType=gm_crm_gwc1mainbnr_p1625_b1002021_c457087&sourceType=gm_crm_sssp&from=home_C1&traid=home_C1&trcid=812431000386)\n\n*   [스포츠/레저](https://www.coupang.com/np/categories/317778)\n\n    *   [스포츠 셀렉샵](https://www.coupang.com/np/campaigns/21963) \n    *   [캠핑전문관](https://www.coupang.com/np/categories/328790)\n\n        *   [백패킹](https://www.coupang.com/np/campaigns/350)\n        *   [미니멀캠핑](https://www.coupang.com/np/campaigns/348)\n        *   [오토캠핑](https://www.coupang.com/np/campaigns/351)\n        *   [먹거리](https://www.coupang.com/np/campaigns/349)\n        *   [텐트](https://www.coupang.com/np/categories/328791)\n        *   [타프/그늘막](https://www.coupang.com/np/categories/328798)\n        *   [텐트/타프 부품](https://www.coupang.com/np/categories/328807)\n        *   [의자/테이블](https://www.coupang.com/np/categories/328821)\n        *   [침낭/매트/해먹](https://www.coupang.com/np/categories/328828)\n        *   [캠핑주방용품](https://www.coupang.com/np/categories/328860)\n        *   [수납/정리소품](https://www.coupang.com/np/categories/328852)\n        *   [랜턴/조명](https://www.coupang.com/np/categories/328846)\n        *   [캠핑공구](https://www.coupang.com/np/categories/328907)\n        *   [더보기](https://www.coupang.com/np/categories/328790)\n\n    *   [홈트레이닝](https://www.coupang.com/np/categories/413812)\n\n        *   [스트레칭/마사지](https://www.coupang.com/np/categories/413813)\n        *   [유산소](https://www.coupang.com/np/categories/413821)\n        *   [근력](https://www.coupang.com/np/categories/413828)\n        *   [보호대/체중계](https://www.coupang.com/np/categories/413837)\n\n    *   [헬스/요가/댄스](https://www.coupang.com/np/categories/329225)\n\n        *   [요가/필라테스](https://www.coupang.com/np/categories/329226)\n        *   [요가복](https://www.coupang.com/np/categories/329240)\n        *   [근력운동](https://www.coupang.com/np/categories/329251)\n        *   [유산소운동](https://www.coupang.com/np/categories/329279)\n        *   [스트레칭/균형](https://www.coupang.com/np/categories/329294)\n        *   [댄스/에어로빅](https://www.coupang.com/np/categories/329302)\n        *   [헬스소품/보호대](https://www.coupang.com/np/categories/329323)\n        *   [운동측정용품](https://www.coupang.com/np/categories/329334)\n        *   [부위별 운동용품](https://www.coupang.com/np/categories/376475)\n        *   [헬스보충식품](https://www.coupang.com/np/categories/427699)\n\n    *   [수영/수상스포츠](https://www.coupang.com/np/categories/421032)\n\n        *   [실내 수영복](https://www.coupang.com/np/categories/421033)\n        *   [비치웨어/래쉬가드](https://www.coupang.com/np/categories/421045)\n        *   [수영용품](https://www.coupang.com/np/categories/421070)\n        *   [물놀이용품](https://www.coupang.com/np/categories/421087)\n        *   [아쿠아슈즈](https://www.coupang.com/np/categories/421110)\n        *   [스노클링/다이빙](https://www.coupang.com/np/categories/421113)\n        *   [서핑/수상스키](https://www.coupang.com/np/categories/421136)\n        *   [고무보트/카누](https://www.coupang.com/np/categories/421143)\n\n    *   [구기스포츠](https://www.coupang.com/np/categories/329515)\n\n        *   [축구](https://www.coupang.com/np/categories/329516)\n        *   [야구](https://www.coupang.com/np/categories/329546)\n        *   [농구](https://www.coupang.com/np/categories/329582)\n        *   [배구/피구/족구](https://www.coupang.com/np/categories/329597)\n        *   [볼링](https://www.coupang.com/np/categories/329614)\n        *   [당구/포켓볼](https://www.coupang.com/np/categories/329625)\n        *   [기타 구기스포츠](https://www.coupang.com/np/categories/329690)\n        *   [훈련/연습용품](https://www.coupang.com/np/categories/405207)\n        *   [심판의류/용품](https://www.coupang.com/np/categories/329712)\n\n    *   [라켓스포츠](https://www.coupang.com/np/categories/400957)\n\n        *   [배드민턴](https://www.coupang.com/np/categories/400958)\n        *   [테니스](https://www.coupang.com/np/categories/400971)\n        *   [스쿼시](https://www.coupang.com/np/categories/400989)\n        *   [탁구](https://www.coupang.com/np/categories/400996)\n        *   [기타 라켓스포츠](https://www.coupang.com/np/categories/401013)\n        *   [훈련/연습용품](https://www.coupang.com/np/categories/401014)\n        *   [심판의류/용품](https://www.coupang.com/np/categories/401018)\n\n    *   [자전거](https://www.coupang.com/np/categories/329040)\n\n        *   [자전거](https://www.coupang.com/np/categories/396896)\n        *   [보호장비](https://www.coupang.com/np/categories/329058)\n        *   [자전거 악세서리](https://www.coupang.com/np/categories/329063)\n        *   [자전거부품](https://www.coupang.com/np/categories/329132)\n        *   [자전거의류](https://www.coupang.com/np/categories/396912)\n        *   [자전거장갑/잡화](https://www.coupang.com/np/categories/329122)\n        *   [자전거가방/수납](https://www.coupang.com/np/categories/329111)\n        *   [자전거신발](https://www.coupang.com/np/categories/329105)\n        *   [정비용품](https://www.coupang.com/np/categories/329183)\n        *   [거치대/트레이너](https://www.coupang.com/np/categories/329176)\n\n    *   [킥보드/스케이트](https://www.coupang.com/np/categories/329189)\n\n        *   [킥보드/트라이더](https://www.coupang.com/np/categories/329190)\n        *   [전동휠/보드](https://www.coupang.com/np/categories/329198)\n        *   [스케이트보드](https://www.coupang.com/np/categories/329202)\n        *   [인라인스케이트](https://www.coupang.com/np/categories/329215)\n        *   [보호장비](https://www.coupang.com/np/categories/329222)\n\n    *   [등산/아웃도어](https://www.coupang.com/np/categories/431783)\n\n        *   [남성등산의류](https://www.coupang.com/np/categories/431784)\n        *   [여성등산의류](https://www.coupang.com/np/categories/431794)\n        *   [유아동등산의류](https://www.coupang.com/np/categories/431806)\n        *   [등산배낭/소품](https://www.coupang.com/np/categories/431811)\n        *   [등산스틱](https://www.coupang.com/np/categories/431821)\n        *   [등산화/아이젠](https://www.coupang.com/np/categories/431823)\n        *   [등산모자/잡화](https://www.coupang.com/np/categories/431920)\n        *   [등산용품/랜턴](https://www.coupang.com/np/categories/431848)\n        *   [나침반/망원경](https://www.coupang.com/np/categories/431861)\n        *   [암벽/등반 장비](https://www.coupang.com/np/categories/431865)\n        *   [빙벽/겨울용품](https://www.coupang.com/np/categories/431886)\n\n    *   [낚시](https://www.coupang.com/np/categories/329372)\n\n        *   [바다낚시](https://www.coupang.com/np/categories/329373)\n        *   [민물낚시](https://www.coupang.com/np/categories/329399)\n        *   [낚싯대](https://www.coupang.com/np/categories/329425)\n        *   [낚시릴](https://www.coupang.com/np/categories/329434)\n        *   [줄/바늘/채비](https://www.coupang.com/np/categories/329444)\n        *   [미끼/떡밥/루어](https://www.coupang.com/np/categories/329455)\n        *   [낚시 가방/잡화](https://www.coupang.com/np/categories/329463)\n        *   [낚시복/장화](https://www.coupang.com/np/categories/329472)\n        *   [낚시장비/그물](https://www.coupang.com/np/categories/329478)\n        *   [낚시공구/소품](https://www.coupang.com/np/categories/329494)\n        *   [좌대/야외용품](https://www.coupang.com/np/categories/329508)\n\n    *   [골프](https://www.coupang.com/np/categories/328930)\n\n        *   [골프클럽](https://www.coupang.com/np/categories/328931)\n        *   [골프백](https://www.coupang.com/np/categories/328946)\n        *   [피팅/관리용품](https://www.coupang.com/np/categories/328940)\n        *   [골프웨어](https://www.coupang.com/np/categories/429690)\n        *   [골프장갑/잡화](https://www.coupang.com/np/categories/328995)\n        *   [골프화](https://www.coupang.com/np/categories/328990)\n        *   [골프공](https://www.coupang.com/np/categories/329012)\n        *   [필드용품](https://www.coupang.com/np/categories/329013)\n        *   [연습용품](https://www.coupang.com/np/categories/329028)\n\n    *   [스포츠잡화](https://www.coupang.com/np/categories/328637)\n\n        *   [가방/파우치](https://www.coupang.com/np/categories/328638)\n        *   [모자](https://www.coupang.com/np/categories/328646)\n        *   [고글/선글라스](https://www.coupang.com/np/categories/328647)\n        *   [장갑](https://www.coupang.com/np/categories/328648)\n        *   [양말/타이즈](https://www.coupang.com/np/categories/328649)\n        *   [팔토시/워머](https://www.coupang.com/np/categories/328650)\n        *   [스카프/넥워머](https://www.coupang.com/np/categories/328651)\n        *   [보호대/아대](https://www.coupang.com/np/categories/328655)\n        *   [시계](https://www.coupang.com/np/categories/328658)\n        *   [벨트](https://www.coupang.com/np/categories/328659)\n        *   [안전밴드](https://www.coupang.com/np/categories/328660)\n        *   [액세서리 기타](https://www.coupang.com/np/categories/328661)\n\n    *   [복싱/검도/태권도](https://www.coupang.com/np/categories/329726)\n\n        *   [복싱/격투기](https://www.coupang.com/np/categories/329741)\n        *   [검도](https://www.coupang.com/np/categories/329727)\n        *   [태권도](https://www.coupang.com/np/categories/329734)\n        *   [쌍절곤/기타무술](https://www.coupang.com/np/categories/329752)\n\n    *   [스포츠신발](https://www.coupang.com/np/categories/328601)\n\n        *   [런닝화/운동화](https://www.coupang.com/np/categories/328602)\n        *   [샌들/슬리퍼](https://www.coupang.com/np/categories/328605)\n        *   [아쿠아슈즈](https://www.coupang.com/np/categories/328608)\n        *   [등산화](https://www.coupang.com/np/categories/328609)\n        *   [골프화](https://www.coupang.com/np/categories/328615)\n        *   [축구화](https://www.coupang.com/np/categories/328616)\n        *   [야구화](https://www.coupang.com/np/categories/328617)\n        *   [농구화](https://www.coupang.com/np/categories/328618)\n        *   [배구화](https://www.coupang.com/np/categories/328619)\n        *   [족구화](https://www.coupang.com/np/categories/328620)\n        *   [볼링화](https://www.coupang.com/np/categories/328621)\n        *   [배드민턴화](https://www.coupang.com/np/categories/328622)\n        *   [테니스화](https://www.coupang.com/np/categories/328623)\n        *   [더보기](https://www.coupang.com/np/categories/328601)\n\n    *   [남성스포츠의류](https://www.coupang.com/np/categories/328339)\n\n        *   [속옷/언더레이어](https://www.coupang.com/np/categories/328340)\n        *   [스포츠 티셔츠](https://www.coupang.com/np/categories/328343)\n        *   [스포츠 자켓/집업](https://www.coupang.com/np/categories/328346)\n        *   [스포츠 바지/하의](https://www.coupang.com/np/categories/328352)\n        *   [상하의 세트](https://www.coupang.com/np/categories/328355)\n        *   [골프의류](https://www.coupang.com/np/categories/328356)\n        *   [등산의류](https://www.coupang.com/np/categories/328365)\n        *   [자전거의류](https://www.coupang.com/np/categories/328375)\n        *   [수영복/래쉬가드](https://www.coupang.com/np/categories/328384)\n        *   [스키/보드복](https://www.coupang.com/np/categories/328393)\n        *   [축구복](https://www.coupang.com/np/categories/328402)\n        *   [야구복](https://www.coupang.com/np/categories/328409)\n        *   [배드민턴복](https://www.coupang.com/np/categories/328415)\n        *   [더보기](https://www.coupang.com/np/categories/328339)\n\n    *   [더보기](https://www.coupang.com/np/categories/317778)\n\n[스포츠/레저](https://www.coupang.com/mlp/web/mlp-landing-page?landingId=2661&subSourceType=gm_crm_cpnlink \"스포츠/레저\")![Image 31: 스포츠/레저](https://www.coupang.com/np/siteWideEvent?mlpPageId=2623&subSourceType=gm_crm_gwc1mainbnr_p1625_b1002021_c457087&sourceType=gm_crm_sssp&from=home_C1&traid=home_C1&trcid=812431000386)\n\n*   [자동차용품](https://www.coupang.com/np/categories/184060)\n\n    *   [전문 브랜드관](https://www.coupang.com/np/campaigns/22056) \n    *   [겨울철 차량관리](https://www.coupang.com/np/categories/409304)\n\n        *   [핸들커버](https://www.coupang.com/np/campaigns/3081)\n        *   [시트/방석](https://www.coupang.com/np/categories/435560)\n        *   [스노우체인/타이어](https://www.coupang.com/np/categories/409305)\n        *   [부동액/배터리용품](https://www.coupang.com/np/categories/409324)\n        *   [성에/정전기방지](https://www.coupang.com/np/categories/409308)\n        *   [공기청정기/가습기](https://www.coupang.com/np/categories/409319)\n\n    *   [인테리어](https://www.coupang.com/np/categories/401027)\n\n        *   [방향제/공기청정](https://www.coupang.com/np/categories/401028)\n        *   [바닥매트/트렁크매트](https://www.coupang.com/np/categories/497870)\n        *   [시트/쿠션](https://www.coupang.com/np/categories/401035)\n        *   [차박매트](https://www.coupang.com/np/categories/497873)\n        *   [핸들용품](https://www.coupang.com/np/categories/401045)\n        *   [커버/몰딩](https://www.coupang.com/np/categories/497877)\n        *   [수납/정리용품](https://www.coupang.com/np/categories/401049)\n        *   [편의용품/액세서리](https://www.coupang.com/np/categories/486490)\n        *   [햇빛가리개/썬팅](https://www.coupang.com/np/categories/503231)\n        *   [기어용품](https://www.coupang.com/np/categories/564372)\n\n    *   [익스테리어](https://www.coupang.com/np/categories/401098)\n\n        *   [스티커/앰블럼](https://www.coupang.com/np/categories/401103)\n        *   [문콕방지/몰딩](https://www.coupang.com/np/categories/401106)\n        *   [썬바이저](https://www.coupang.com/np/categories/401115)\n        *   [번호판스티커/프레임](https://www.coupang.com/np/categories/401123)\n        *   [안테나/볼](https://www.coupang.com/np/categories/401120)\n        *   [루프/캐리어용품](https://www.coupang.com/np/categories/401117)\n        *   [미러용품](https://www.coupang.com/np/categories/503239)\n        *   [주유구캡/혼유방지링](https://www.coupang.com/np/categories/503240)\n\n    *   [세차/카케어](https://www.coupang.com/np/categories/401394)\n\n        *   [세차용품세트](https://www.coupang.com/np/categories/401395)\n        *   [카샴푸/세정제](https://www.coupang.com/np/categories/401396)\n        *   [타월/스펀지](https://www.coupang.com/np/categories/401401)\n        *   [세차호스/거품분사기](https://www.coupang.com/np/categories/401413)\n        *   [세차박스/스텝박스](https://www.coupang.com/np/categories/401416)\n        *   [물왁스/퀵디테일러](https://www.coupang.com/np/categories/401412)\n        *   [차량용청소기](https://www.coupang.com/np/categories/401410)\n        *   [먼지털이개](https://www.coupang.com/np/categories/401406)\n        *   [유리발수코팅제](https://www.coupang.com/np/categories/503250)\n        *   [실내세정제](https://www.coupang.com/np/categories/503251)\n        *   [흠집제거/복원](https://www.coupang.com/np/categories/503252)\n        *   [광택](https://www.coupang.com/np/categories/503260)\n        *   [바디커버](https://www.coupang.com/np/categories/503267)\n        *   [더보기](https://www.coupang.com/np/categories/401394)\n\n    *   [차량용 전자기기](https://www.coupang.com/np/categories/401207)\n\n        *   [HUD/계기판](https://www.coupang.com/np/categories/503299)\n        *   [무선충전 거치대](https://www.coupang.com/np/categories/497774)\n        *   [일반거치대](https://www.coupang.com/np/categories/497775)\n        *   [차량용충전기](https://www.coupang.com/np/categories/401212)\n        *   [멀티소켓](https://www.coupang.com/np/categories/401225)\n        *   [블랙박스](https://www.coupang.com/np/categories/401214)\n        *   [하이패스](https://www.coupang.com/np/categories/401217)\n        *   [내비게이션](https://www.coupang.com/np/categories/401220)\n        *   [후방카메라/감지기](https://www.coupang.com/np/categories/401226)\n        *   [음향기기/AV](https://www.coupang.com/np/categories/401229)\n        *   [차량용가전](https://www.coupang.com/np/categories/487217)\n        *   [전기차 충전기/악세서리](https://www.coupang.com/np/categories/510523)\n        *   [카플레이/안드로이드오토](https://www.coupang.com/np/categories/564318)\n\n    *   [RV/아웃도어](https://www.coupang.com/np/categories/503300)\n\n        *   [캠핑용품](https://www.coupang.com/np/categories/503301)\n        *   [차박매트](https://www.coupang.com/np/categories/503306)\n        *   [인버터/멀티소켓](https://www.coupang.com/np/categories/503307)\n        *   [루프/캐리어용품](https://www.coupang.com/np/categories/503310)\n\n    *   [차량관리/소모품](https://www.coupang.com/np/categories/486447)\n\n        *   [와이퍼](https://www.coupang.com/np/categories/503246)\n        *   [워셔액](https://www.coupang.com/np/categories/486448)\n        *   [에어컨필터](https://www.coupang.com/np/categories/486449)\n        *   [엔진오일](https://www.coupang.com/np/categories/497749)\n        *   [첨가제](https://www.coupang.com/np/categories/497753)\n        *   [냉각수/부동액](https://www.coupang.com/np/categories/497759)\n        *   [요소수](https://www.coupang.com/np/categories/509507)\n        *   [초순수/정제수](https://www.coupang.com/np/categories/509508)\n        *   [기타 오일/필터](https://www.coupang.com/np/categories/497767)\n        *   [점프스타터](https://www.coupang.com/np/categories/497760)\n        *   [배터리용품](https://www.coupang.com/np/categories/497761)\n        *   [타이어/휠](https://www.coupang.com/np/categories/503268)\n        *   [스노우체인](https://www.coupang.com/np/categories/503284)\n        *   [더보기](https://www.coupang.com/np/categories/486447)\n\n    *   [오토바이용품](https://www.coupang.com/np/categories/401438)\n\n        *   [오토바이/스쿠터](https://www.coupang.com/np/categories/401439)\n        *   [헬멧/고글](https://www.coupang.com/np/categories/401443)\n        *   [오토바이의류](https://www.coupang.com/np/categories/401447)\n        *   [오토바이장갑](https://www.coupang.com/np/categories/497791)\n        *   [오토바이부츠/잡화](https://www.coupang.com/np/categories/497794)\n        *   [오토바이보호장비](https://www.coupang.com/np/categories/401462)\n        *   [배달가방/탑박스](https://www.coupang.com/np/categories/497799)\n        *   [오토바이액세서리](https://www.coupang.com/np/categories/503368)\n        *   [오토바이부품/튜닝/정비](https://www.coupang.com/np/categories/401472)\n        *   [오토바이전자기기](https://www.coupang.com/np/categories/401484)\n\n    *   [부품/안전/공구](https://www.coupang.com/np/categories/497290)\n\n        *   [정전기방지용품](https://www.coupang.com/np/categories/497308)\n        *   [안전삼각대/소화기](https://www.coupang.com/np/categories/497309)\n        *   [방음재](https://www.coupang.com/np/categories/503314)\n        *   [차량용리프트](https://www.coupang.com/np/categories/503317)\n        *   [고임목/버팀목](https://www.coupang.com/np/categories/503318)\n        *   [카본/레자시트지](https://www.coupang.com/np/categories/503319)\n        *   [차량용접착제/테이프](https://www.coupang.com/np/categories/503320)\n        *   [차량용공구/장비](https://www.coupang.com/np/categories/503321)\n        *   [부품/튜닝용품](https://www.coupang.com/np/categories/503322)\n        *   [전기용품](https://www.coupang.com/np/categories/503364)\n\n    *   [로켓설치 타이어](https://www.coupang.com/np/campaigns/10884) \n\n[자동차용품](https://pages.coupang.com/p/156604?sourceType=gm_crm_oms&subSourceType=gm_crm_rblbnr \"자동차용품\")![Image 32: 자동차용품](https://www.coupang.com/np/siteWideEvent?mlpPageId=2623&subSourceType=gm_crm_gwc1mainbnr_p1625_b1002021_c457087&sourceType=gm_crm_sssp&from=home_C1&traid=home_C1&trcid=812431000386)\n\n*   [도서/음반/DVD](https://www.coupang.com/np/categories/317777)\n\n    *   [유아/어린이](https://www.coupang.com/np/categories/329984)\n\n        *   [그림책](https://www.coupang.com/np/categories/329985)\n        *   [어린이 문학](https://www.coupang.com/np/categories/329996)\n        *   [초점책/영아책](https://www.coupang.com/np/categories/330004)\n        *   [놀이책/토이북](https://www.coupang.com/np/categories/330008)\n        *   [학습/교양](https://www.coupang.com/np/categories/330019)\n        *   [만화/애니메이션](https://www.coupang.com/np/categories/330078)\n        *   [전집/세트](https://www.coupang.com/np/categories/330084)\n        *   [어린이 잡지](https://www.coupang.com/np/categories/330099)\n        *   [유아동 해외도서](https://www.coupang.com/np/categories/365590)\n        *   [음반/DVD](https://www.coupang.com/np/categories/365867)\n        *   [누리과정 주제](https://www.coupang.com/np/categories/371605)\n        *   [교과서수록도서](https://www.coupang.com/np/categories/371611)\n        *   [STEAM도서](https://www.coupang.com/np/categories/374080)\n\n    *   [소설/에세이/시](https://www.coupang.com/np/categories/330184)\n\n        *   [소설](https://www.coupang.com/np/categories/330185)\n        *   [장르소설](https://www.coupang.com/np/categories/330201)\n        *   [테마소설](https://www.coupang.com/np/categories/330211)\n        *   [고전문학/신화](https://www.coupang.com/np/categories/330239)\n        *   [문학전집](https://www.coupang.com/np/categories/330253)\n        *   [에세이](https://www.coupang.com/np/categories/330216)\n        *   [시](https://www.coupang.com/np/categories/330233)\n        *   [희곡/시나리오](https://www.coupang.com/np/categories/330238)\n        *   [문학잡지](https://www.coupang.com/np/categories/330254)\n\n    *   [초중고참고서](https://www.coupang.com/np/categories/331062)\n\n        *   [초등학생](https://www.coupang.com/np/categories/331064)\n        *   [중학생](https://www.coupang.com/np/categories/331076)\n        *   [고등학생](https://www.coupang.com/np/categories/331085)\n\n    *   [가정 살림](https://www.coupang.com/np/categories/330112)\n\n        *   [요리](https://www.coupang.com/np/categories/330113)\n        *   [임신/출산/태교](https://www.coupang.com/np/categories/330147)\n        *   [결혼/가족](https://www.coupang.com/np/categories/330152)\n        *   [육아/교육](https://www.coupang.com/np/categories/330157)\n        *   [자녀 학습/학교](https://www.coupang.com/np/categories/330165)\n        *   [살림/정리수납](https://www.coupang.com/np/categories/330174)\n        *   [집/인테리어](https://www.coupang.com/np/categories/330178)\n        *   [원예/조경/텃밭](https://www.coupang.com/np/categories/330183)\n\n    *   [건강 취미](https://www.coupang.com/np/categories/330320)\n\n        *   [다이어트/미용](https://www.coupang.com/np/categories/330321)\n        *   [요가/체조/기타](https://www.coupang.com/np/categories/330324)\n        *   [스포츠/오락](https://www.coupang.com/np/categories/330325)\n        *   [등산/낚시/바둑](https://www.coupang.com/np/categories/330332)\n        *   [건강정보](https://www.coupang.com/np/categories/330333)\n        *   [의학/약학](https://www.coupang.com/np/categories/330337)\n        *   [질병과 치료법](https://www.coupang.com/np/categories/330338)\n        *   [한의학/한방치료](https://www.coupang.com/np/categories/330354)\n        *   [컬러링북](https://www.coupang.com/np/categories/330355)\n        *   [공예/DIY](https://www.coupang.com/np/categories/330356)\n        *   [원예](https://www.coupang.com/np/categories/330364)\n        *   [패션/뷰티](https://www.coupang.com/np/categories/330365)\n        *   [퍼즐/스도쿠](https://www.coupang.com/np/categories/330371)\n        *   [더보기](https://www.coupang.com/np/categories/330320)\n\n    *   [경제 경영](https://www.coupang.com/np/categories/330255)\n\n        *   [경제](https://www.coupang.com/np/categories/330256)\n        *   [경영](https://www.coupang.com/np/categories/330265)\n        *   [마케팅/세일즈](https://www.coupang.com/np/categories/330279)\n        *   [투자/재테크](https://www.coupang.com/np/categories/330285)\n        *   [인터넷비즈니스](https://www.coupang.com/np/categories/330290)\n        *   [창업/취업/은퇴](https://www.coupang.com/np/categories/330293)\n        *   [성공스토리](https://www.coupang.com/np/categories/330297)\n        *   [경제/시사잡지](https://www.coupang.com/np/categories/330298)\n        *   [총람/간행물](https://www.coupang.com/np/categories/330301)\n\n    *   [과학/공학](https://www.coupang.com/np/categories/330795)\n\n        *   [기초과학/교양과학](https://www.coupang.com/np/categories/330796)\n        *   [과학자](https://www.coupang.com/np/categories/330800)\n        *   [뇌과학](https://www.coupang.com/np/categories/330801)\n        *   [의학/법의학](https://www.coupang.com/np/categories/330804)\n        *   [생명과학](https://www.coupang.com/np/categories/330805)\n        *   [화학](https://www.coupang.com/np/categories/330815)\n        *   [수학](https://www.coupang.com/np/categories/330821)\n        *   [물리](https://www.coupang.com/np/categories/330828)\n        *   [지구과학](https://www.coupang.com/np/categories/330834)\n        *   [천문학](https://www.coupang.com/np/categories/330838)\n        *   [인체](https://www.coupang.com/np/categories/330842)\n        *   [공학](https://www.coupang.com/np/categories/330845)\n        *   [농/축/수산학](https://www.coupang.com/np/categories/330852)\n        *   [더보기](https://www.coupang.com/np/categories/330795)\n\n    *   [국어/외국어/사전](https://www.coupang.com/np/categories/330972)\n\n        *   [국어](https://www.coupang.com/np/categories/330973)\n        *   [한자](https://www.coupang.com/np/categories/330983)\n        *   [영어](https://www.coupang.com/np/categories/330986)\n        *   [영어시험대비](https://www.coupang.com/np/categories/330998)\n        *   [일본어](https://www.coupang.com/np/categories/331027)\n        *   [중국어](https://www.coupang.com/np/categories/331035)\n        *   [중동/아랍어](https://www.coupang.com/np/categories/331043)\n        *   [독일어](https://www.coupang.com/np/categories/331044)\n        *   [프랑스어](https://www.coupang.com/np/categories/331045)\n        *   [이탈리아어](https://www.coupang.com/np/categories/331046)\n        *   [스페인어](https://www.coupang.com/np/categories/331047)\n        *   [러시아어](https://www.coupang.com/np/categories/331048)\n        *   [기타 동양어](https://www.coupang.com/np/categories/331049)\n        *   [더보기](https://www.coupang.com/np/categories/330972)\n\n    *   [대학교재](https://www.coupang.com/np/categories/331100)\n\n        *   [인문학 계열](https://www.coupang.com/np/categories/331101)\n        *   [어문학 계열](https://www.coupang.com/np/categories/331111)\n        *   [자연과학 계열](https://www.coupang.com/np/categories/331126)\n        *   [의약학/간호 계열](https://www.coupang.com/np/categories/331136)\n        *   [사범대 계열](https://www.coupang.com/np/categories/331189)\n        *   [농축산학 계열](https://www.coupang.com/np/categories/331199)\n        *   [경상계열](https://www.coupang.com/np/categories/331203)\n        *   [예체능/문화/기타 계열](https://www.coupang.com/np/categories/331246)\n        *   [사회과학 계열](https://www.coupang.com/np/categories/331255)\n        *   [법학계열](https://www.coupang.com/np/categories/331269)\n        *   [공학계열](https://www.coupang.com/np/categories/331285)\n\n    *   [만화/라이트노벨](https://www.coupang.com/np/categories/330646)\n\n        *   [만화 비평/작법](https://www.coupang.com/np/categories/330647)\n        *   [애니메이션](https://www.coupang.com/np/categories/330650)\n        *   [예술만화/교양만화](https://www.coupang.com/np/categories/330651)\n        *   [시사/풍자만화](https://www.coupang.com/np/categories/330652)\n        *   [취미/직업만화](https://www.coupang.com/np/categories/330653)\n        *   [역사만화](https://www.coupang.com/np/categories/330654)\n        *   [코믹/명랑만화](https://www.coupang.com/np/categories/330655)\n        *   [스포츠만화](https://www.coupang.com/np/categories/330656)\n        *   [소년만화](https://www.coupang.com/np/categories/330657)\n        *   [장르만화](https://www.coupang.com/np/categories/330661)\n        *   [드라마만화](https://www.coupang.com/np/categories/330665)\n        *   [성인만화](https://www.coupang.com/np/categories/330666)\n        *   [순정만화](https://www.coupang.com/np/categories/330667)\n        *   [더보기](https://www.coupang.com/np/categories/330646)\n\n    *   [사회 정치](https://www.coupang.com/np/categories/330585)\n\n        *   [생태/환경](https://www.coupang.com/np/categories/330586)\n        *   [사회학](https://www.coupang.com/np/categories/330587)\n        *   [사회비평/비판](https://www.coupang.com/np/categories/330593)\n        *   [정치/외교](https://www.coupang.com/np/categories/330594)\n        *   [북한/통일](https://www.coupang.com/np/categories/330602)\n        *   [행정](https://www.coupang.com/np/categories/330603)\n        *   [국방/군사](https://www.coupang.com/np/categories/330607)\n        *   [법과 생활](https://www.coupang.com/np/categories/330611)\n        *   [여성/젠더](https://www.coupang.com/np/categories/330625)\n        *   [언론/미디어](https://www.coupang.com/np/categories/330629)\n        *   [교육](https://www.coupang.com/np/categories/330636)\n        *   [사회단체/NGO](https://www.coupang.com/np/categories/330643)\n        *   [지리학/지정학](https://www.coupang.com/np/categories/330644)\n        *   [더보기](https://www.coupang.com/np/categories/330585)\n\n    *   [수험서/자격증](https://www.coupang.com/np/categories/331298)\n\n        *   [공무원 준비관](https://www.coupang.com/np/categories/331299)\n        *   [교원임용시험](https://www.coupang.com/np/categories/331348)\n        *   [한국사능력검정시험](https://www.coupang.com/np/categories/331356)\n        *   [한국어능력검정시험](https://www.coupang.com/np/categories/331360)\n        *   [한자시험](https://www.coupang.com/np/categories/331361)\n        *   [취업/상식/적성](https://www.coupang.com/np/categories/331362)\n        *   [경제/금융/회계](https://www.coupang.com/np/categories/331367)\n        *   [공인중개/주택관리](https://www.coupang.com/np/categories/331424)\n        *   [법/인문/사회/고시](https://www.coupang.com/np/categories/331427)\n        *   [보건/위생/의학](https://www.coupang.com/np/categories/331443)\n        *   [한국산업인력공단](https://www.coupang.com/np/categories/331454)\n        *   [편입/검정고시/독학사](https://www.coupang.com/np/categories/331574)\n        *   [LEET:법학적성시험](https://www.coupang.com/np/categories/331591)\n        *   [더보기](https://www.coupang.com/np/categories/331298)\n\n    *   [여행](https://www.coupang.com/np/categories/330379)\n\n        *   [해외여행](https://www.coupang.com/np/categories/330380)\n        *   [국내여행](https://www.coupang.com/np/categories/330408)\n        *   [테마여행](https://www.coupang.com/np/categories/330418)\n        *   [지도/지리](https://www.coupang.com/np/categories/330428)\n        *   [여행회화](https://www.coupang.com/np/categories/330432)\n        *   [워킹 홀리데이](https://www.coupang.com/np/categories/330433)\n        *   [유학/해외연수/이민](https://www.coupang.com/np/categories/330434)\n        *   [여행 에세이](https://www.coupang.com/np/categories/330435)\n\n    *   [역사](https://www.coupang.com/np/categories/330521)\n\n        *   [한국사 일반](https://www.coupang.com/np/categories/330522)\n        *   [한국고대/고려사](https://www.coupang.com/np/categories/330523)\n        *   [조선사](https://www.coupang.com/np/categories/330527)\n        *   [한국근현대사](https://www.coupang.com/np/categories/330528)\n        *   [한국문화](https://www.coupang.com/np/categories/330532)\n        *   [북한사](https://www.coupang.com/np/categories/330533)\n        *   [일본사](https://www.coupang.com/np/categories/330534)\n        *   [중국사](https://www.coupang.com/np/categories/330540)\n        *   [아시아사](https://www.coupang.com/np/categories/330546)\n        *   [서양사](https://www.coupang.com/np/categories/330552)\n        *   [유럽사](https://www.coupang.com/np/categories/330555)\n        *   [아메리카사/기타](https://www.coupang.com/np/categories/330562)\n        *   [아프리카/오세아니아사](https://www.coupang.com/np/categories/330565)\n        *   [더보기](https://www.coupang.com/np/categories/330521)\n\n    *   [예술](https://www.coupang.com/np/categories/330674)\n\n        *   [건축](https://www.coupang.com/np/categories/330675)\n        *   [미술](https://www.coupang.com/np/categories/330678)\n        *   [음악](https://www.coupang.com/np/categories/330689)\n        *   [사진](https://www.coupang.com/np/categories/330704)\n        *   [무용](https://www.coupang.com/np/categories/330710)\n        *   [연극/공연](https://www.coupang.com/np/categories/330713)\n        *   [영화/비디오](https://www.coupang.com/np/categories/330717)\n        *   [대중음악](https://www.coupang.com/np/categories/330721)\n        *   [예술/대중문화 이해](https://www.coupang.com/np/categories/330725)\n        *   [TV/라디오](https://www.coupang.com/np/categories/330728)\n        *   [예술치료](https://www.coupang.com/np/categories/330729)\n        *   [예술기행](https://www.coupang.com/np/categories/330730)\n        *   [연예인 화보집](https://www.coupang.com/np/categories/330731)\n\n    *   [인문](https://www.coupang.com/np/categories/330479)\n\n        *   [인문 일반](https://www.coupang.com/np/categories/330480)\n        *   [철학/사상 일반](https://www.coupang.com/np/categories/330486)\n        *   [심리학/심리일반](https://www.coupang.com/np/categories/330487)\n        *   [기호학/언어학](https://www.coupang.com/np/categories/330494)\n        *   [종교학/신화학](https://www.coupang.com/np/categories/330497)\n        *   [한국철학](https://www.coupang.com/np/categories/330503)\n        *   [동양철학](https://www.coupang.com/np/categories/330507)\n        *   [서양철학](https://www.coupang.com/np/categories/330514)\n        *   [논리학](https://www.coupang.com/np/categories/330519)\n        *   [윤리학](https://www.coupang.com/np/categories/330520)\n        *   [비평/창작/이론](https://www.coupang.com/np/categories/497970)\n\n    *   [더보기](https://www.coupang.com/np/categories/317777)\n\n[도서/음반/DVD](https://pages.coupang.com/p/156909 \"도서/음반/DVD\")![Image 33: 도서/음반/DVD](https://www.coupang.com/np/siteWideEvent?mlpPageId=2623&subSourceType=gm_crm_gwc1mainbnr_p1625_b1002021_c457087&sourceType=gm_crm_sssp&from=home_C1&traid=home_C1&trcid=812431000386)\n\n*   [완구/취미](https://www.coupang.com/np/categories/317779)\n\n    *   [브랜드컬렉션](https://www.coupang.com/np/campaigns/21585) \n    *   [캐릭터별완구](https://www.coupang.com/np/campaigns/20251)\n\n        *   [뽀로로](https://www.coupang.com/np/campaigns/1850)\n        *   [타요](https://www.coupang.com/np/campaigns/20326)\n        *   [수퍼윙스](https://www.coupang.com/np/campaigns/20328)\n        *   [신비아파트](https://www.coupang.com/np/campaigns/1578)\n        *   [콩순이](https://www.coupang.com/np/campaigns/1853)\n        *   [시크릿쥬쥬](https://www.coupang.com/np/campaigns/20330)\n        *   [헬로카봇](https://www.coupang.com/np/campaigns/234)\n        *   [캐치티니핑](https://www.coupang.com/np/campaigns/20332)\n        *   [파워레인저](https://www.coupang.com/np/campaigns/20334)\n        *   [베이블레이드](https://www.coupang.com/np/campaigns/876)\n        *   [실바니안패밀리](https://www.coupang.com/np/campaigns/1925)\n        *   [미미](https://www.coupang.com/np/campaigns/20336)\n        *   [포켓몬스터](https://www.coupang.com/np/campaigns/20338)\n        *   [더보기](https://www.coupang.com/np/campaigns/20251)\n\n    *   [연령별완구](https://www.coupang.com/np/campaigns/872)\n\n        *   [24개월이하](https://www.coupang.com/np/campaigns/228)\n        *   [2~5세](https://www.coupang.com/np/campaigns/229)\n        *   [5~8세](https://www.coupang.com/np/campaigns/230)\n        *   [8~12세](https://www.coupang.com/np/campaigns/231)\n        *   [13세이상](https://www.coupang.com/np/campaigns/232)\n\n    *   [로봇/작동완구](https://www.coupang.com/np/categories/331852)\n\n        *   [로봇](https://www.coupang.com/np/categories/331853)\n        *   [베이블레이드/배틀팽이](https://www.coupang.com/np/categories/331860)\n        *   [교통수단](https://www.coupang.com/np/categories/331864)\n        *   [동물](https://www.coupang.com/np/categories/331873)\n        *   [장난감총/칼](https://www.coupang.com/np/categories/331874)\n        *   [작동완구](https://www.coupang.com/np/categories/331877)\n        *   [어린이RC완구](https://www.coupang.com/np/categories/331887)\n        *   [풀백장난감](https://www.coupang.com/np/categories/331898)\n        *   [태엽장난감](https://www.coupang.com/np/categories/331899)\n\n    *   [학습완구/교구](https://www.coupang.com/np/categories/331991)\n\n        *   [과학/자연학습](https://www.coupang.com/np/categories/331992)\n        *   [기술/공학완구](https://www.coupang.com/np/categories/332054)\n        *   [미술/점토](https://www.coupang.com/np/categories/332064)\n        *   [음악/악기놀이](https://www.coupang.com/np/categories/332124)\n        *   [수학/도형완구](https://www.coupang.com/np/categories/332148)\n        *   [언어학습완구](https://www.coupang.com/np/categories/332160)\n        *   [학습카드](https://www.coupang.com/np/categories/332169)\n        *   [학습벽보](https://www.coupang.com/np/categories/332170)\n        *   [원목교구/가베](https://www.coupang.com/np/categories/332171)\n        *   [퍼즐](https://www.coupang.com/np/categories/332185)\n        *   [디지털학습완구](https://www.coupang.com/np/categories/332208)\n        *   [자석/학습보드](https://www.coupang.com/np/categories/332221)\n\n    *   [STEAM완구](https://www.coupang.com/np/categories/373941)\n\n        *   [과학(S)](https://www.coupang.com/np/categories/373947)\n        *   [기술(T)](https://www.coupang.com/np/categories/373994)\n        *   [공학(E)](https://www.coupang.com/np/categories/374010)\n        *   [예술(A)](https://www.coupang.com/np/categories/374019)\n        *   [수학(M)](https://www.coupang.com/np/categories/374067)\n\n    *   [블록놀이](https://www.coupang.com/np/categories/331900)\n\n        *   [레고](https://www.coupang.com/np/categories/331901)\n        *   [옥스포드](https://www.coupang.com/np/categories/331904)\n        *   [나노블록](https://www.coupang.com/np/categories/331905)\n        *   [플레이모빌](https://www.coupang.com/np/categories/331906)\n        *   [사각/십자블록](https://www.coupang.com/np/categories/331907)\n        *   [원목블록](https://www.coupang.com/np/categories/331908)\n        *   [자석블록](https://www.coupang.com/np/categories/331909)\n        *   [소프트블록](https://www.coupang.com/np/categories/331910)\n        *   [벽돌블록/빅블록](https://www.coupang.com/np/categories/331911)\n        *   [기어블록](https://www.coupang.com/np/categories/331912)\n        *   [마블런/레일블록](https://www.coupang.com/np/categories/331913)\n        *   [나사조립블록](https://www.coupang.com/np/categories/373745)\n        *   [도미노](https://www.coupang.com/np/categories/331914)\n\n    *   [역할놀이](https://www.coupang.com/np/categories/331940)\n\n        *   [주방놀이](https://www.coupang.com/np/categories/331941)\n        *   [소꿉놀이](https://www.coupang.com/np/categories/331942)\n        *   [공구놀이](https://www.coupang.com/np/categories/331943)\n        *   [마트/계산대놀이](https://www.coupang.com/np/categories/331944)\n        *   [화장/꾸미기놀이](https://www.coupang.com/np/categories/331945)\n        *   [아기돌보기놀이](https://www.coupang.com/np/categories/331951)\n        *   [병원놀이](https://www.coupang.com/np/categories/331954)\n        *   [청소놀이](https://www.coupang.com/np/categories/331955)\n        *   [만들기토이](https://www.coupang.com/np/categories/331956)\n        *   [악기놀이](https://www.coupang.com/np/categories/331957)\n        *   [모래놀이](https://www.coupang.com/np/categories/331967)\n        *   [낚시놀이](https://www.coupang.com/np/categories/331968)\n        *   [장난감총/칼](https://www.coupang.com/np/categories/331969)\n        *   [더보기](https://www.coupang.com/np/categories/331940)\n\n    *   [스포츠/야외완구](https://www.coupang.com/np/categories/332699)\n\n        *   [구기종목](https://www.coupang.com/np/categories/332700)\n        *   [양궁/사격/다트](https://www.coupang.com/np/categories/332711)\n        *   [유아동장난감총](https://www.coupang.com/np/categories/332720)\n        *   [비누방울/버블건](https://www.coupang.com/np/categories/332721)\n        *   [물총](https://www.coupang.com/np/categories/332722)\n        *   [모래놀이](https://www.coupang.com/np/categories/332723)\n        *   [자전거/승용완구](https://www.coupang.com/np/categories/332724)\n        *   [트램펄린](https://www.coupang.com/np/categories/332765)\n        *   [훌라후프/줄넘기](https://www.coupang.com/np/categories/332766)\n        *   [펀치백](https://www.coupang.com/np/categories/332769)\n        *   [점핑볼](https://www.coupang.com/np/categories/332770)\n        *   [캐치볼/원반던지기](https://www.coupang.com/np/categories/332771)\n        *   [요요/액세서리](https://www.coupang.com/np/categories/332775)\n        *   [더보기](https://www.coupang.com/np/categories/332699)\n\n    *   [신생아/영아완구](https://www.coupang.com/np/categories/331793)\n\n        *   [모빌](https://www.coupang.com/np/categories/331794)\n        *   [초점책/헝겊책](https://www.coupang.com/np/categories/331795)\n        *   [딸랑이](https://www.coupang.com/np/categories/331796)\n        *   [치발기/케이스](https://www.coupang.com/np/categories/331797)\n        *   [오뚝이](https://www.coupang.com/np/categories/331801)\n        *   [멜로디/러닝완구](https://www.coupang.com/np/categories/331802)\n        *   [목욕놀이완구](https://www.coupang.com/np/categories/331808)\n        *   [애착/수면인형](https://www.coupang.com/np/categories/331809)\n        *   [아기공](https://www.coupang.com/np/categories/331810)\n        *   [아기체육관/러닝홈](https://www.coupang.com/np/categories/331811)\n        *   [바운서](https://www.coupang.com/np/categories/331812)\n        *   [쏘서/점퍼루/보행기](https://www.coupang.com/np/categories/331813)\n        *   [걸음마보조기](https://www.coupang.com/np/categories/331817)\n        *   [더보기](https://www.coupang.com/np/categories/331793)\n\n    *   [보드게임](https://www.coupang.com/np/categories/332230)\n\n        *   [멘사추천/학습게임](https://www.coupang.com/np/categories/332237)\n        *   [두뇌게임](https://www.coupang.com/np/categories/332245)\n        *   [균형/순발력게임](https://www.coupang.com/np/categories/332251)\n        *   [추리/전략게임](https://www.coupang.com/np/categories/332255)\n        *   [복불복/룰렛게임](https://www.coupang.com/np/categories/332258)\n        *   [캐릭터/마술/타로카드](https://www.coupang.com/np/categories/332267)\n        *   [스포츠/액션게임](https://www.coupang.com/np/categories/332272)\n        *   [바둑/체스/윷놀이](https://www.coupang.com/np/categories/332291)\n        *   [화투/트럼프/마작](https://www.coupang.com/np/categories/332306)\n        *   [기타보드게임](https://www.coupang.com/np/categories/332323)\n        *   [보드게임액세서리](https://www.coupang.com/np/categories/502705)\n\n    *   [퍼즐/큐브/피젯토이](https://www.coupang.com/np/categories/332324)\n\n        *   [직소퍼즐](https://www.coupang.com/np/categories/332325)\n        *   [구슬퍼즐](https://www.coupang.com/np/categories/332326)\n        *   [입체퍼즐](https://www.coupang.com/np/categories/332327)\n        *   [유아동퍼즐](https://www.coupang.com/np/categories/332328)\n        *   [캐스트/유레카퍼즐](https://www.coupang.com/np/categories/332352)\n        *   [IQ퍼즐/스도쿠](https://www.coupang.com/np/categories/332356)\n        *   [퍼즐액세서리](https://www.coupang.com/np/categories/332357)\n        *   [큐브](https://www.coupang.com/np/categories/332363)\n        *   [피젯토이](https://www.coupang.com/np/categories/332373)\n\n    *   [RC완구/부품](https://www.coupang.com/np/categories/332380)\n\n        *   [RC드론/쿼드콥터](https://www.coupang.com/np/categories/332388)\n        *   [RC카](https://www.coupang.com/np/categories/382668)\n        *   [RC헬기/비행기](https://www.coupang.com/np/categories/332391)\n        *   [RC보트/잠수함](https://www.coupang.com/np/categories/332392)\n        *   [RC탱크](https://www.coupang.com/np/categories/332393)\n        *   [RC바이크/오토바이](https://www.coupang.com/np/categories/332394)\n        *   [RC로봇](https://www.coupang.com/np/categories/332395)\n        *   [RC부품/액세서리](https://www.coupang.com/np/categories/332396)\n        *   [어린이RC완구](https://www.coupang.com/np/categories/332480)\n\n    *   [피규어/다이캐스트](https://www.coupang.com/np/categories/332576)\n\n        *   [원피스피규어](https://www.coupang.com/np/categories/332577)\n        *   [인물피규어](https://www.coupang.com/np/categories/332592)\n        *   [동물/공룡피규어](https://www.coupang.com/np/categories/497980)\n        *   [실바니안피규어](https://www.coupang.com/np/categories/332584)\n        *   [게임/영화피규어](https://www.coupang.com/np/categories/332588)\n        *   [애니메이션피규어](https://www.coupang.com/np/categories/462201)\n        *   [성인캐릭터피규어](https://www.coupang.com/np/categories/462202)\n        *   [성인용(19)피규어](https://www.coupang.com/np/categories/462203)\n        *   [건물피규어](https://www.coupang.com/np/categories/332595)\n        *   [로봇피규어](https://www.coupang.com/np/categories/332590)\n        *   [교통수단피규어](https://www.coupang.com/np/categories/332594)\n        *   [밀리터리피규어](https://www.coupang.com/np/categories/332589)\n        *   [스포츠피규어](https://www.coupang.com/np/categories/332591)\n        *   [더보기](https://www.coupang.com/np/categories/332576)\n\n    *   [키덜트샵](https://www.coupang.com/np/campaigns/4659) \n    *   [프라모델](https://www.coupang.com/np/categories/332492)\n\n        *   [건담](https://www.coupang.com/np/categories/332493)\n        *   [탱크/지프/밀리터리](https://www.coupang.com/np/categories/332494)\n        *   [자동차/트럭/기차](https://www.coupang.com/np/categories/332501)\n        *   [비행기/전투기/헬기](https://www.coupang.com/np/categories/332510)\n        *   [배/전함/잠수함](https://www.coupang.com/np/categories/332515)\n        *   [건물/빌딩/성](https://www.coupang.com/np/categories/332522)\n        *   [로봇/우주선](https://www.coupang.com/np/categories/332523)\n        *   [캐릭터/애니메이션](https://www.coupang.com/np/categories/332524)\n        *   [공룡/동물](https://www.coupang.com/np/categories/332525)\n        *   [4WD미니카](https://www.coupang.com/np/categories/332526)\n        *   [디오라마재료](https://www.coupang.com/np/categories/332533)\n        *   [도료/공구/기타](https://www.coupang.com/np/categories/402318)\n        *   [서바이벌건/BB탄총](https://www.coupang.com/np/categories/332571)\n        *   [더보기](https://www.coupang.com/np/categories/332492)\n\n    *   [더보기](https://www.coupang.com/np/categories/317779)\n\n[완구/취미](https://pages.coupang.com/p/158510 \"완구/취미\")![Image 34: 완구/취미](https://www.coupang.com/np/siteWideEvent?mlpPageId=2623&subSourceType=gm_crm_gwc1mainbnr_p1625_b1002021_c457087&sourceType=gm_crm_sssp&from=home_C1&traid=home_C1&trcid=812431000386)\n\n*   [문구/오피스](https://www.coupang.com/np/categories/177295)\n\n    *   [사무용품 전문관](https://www.coupang.com/np/categories/408063)\n\n        *   [사무용문구](https://www.coupang.com/np/categories/408064)\n        *   [파일/바인더](https://www.coupang.com/np/categories/408126)\n        *   [사무용지/복사지](https://www.coupang.com/np/categories/408145)\n        *   [데스크정리소품](https://www.coupang.com/np/categories/408179)\n        *   [보드/칠판/광고](https://www.coupang.com/np/categories/408193)\n        *   [봉투/포장용품](https://www.coupang.com/np/categories/408209)\n        *   [디지털/사무기기](https://www.coupang.com/np/categories/408225)\n        *   [사무용가구/수납](https://www.coupang.com/np/categories/408275)\n\n    *   [미술/화방용품](https://www.coupang.com/np/categories/401900)\n\n        *   [수채화](https://www.coupang.com/np/categories/401901)\n        *   [유화](https://www.coupang.com/np/categories/401909)\n        *   [아크릴화](https://www.coupang.com/np/categories/401926)\n        *   [디자인/구성](https://www.coupang.com/np/categories/401939)\n        *   [동양화/서예](https://www.coupang.com/np/categories/401947)\n        *   [조소/도예/판화](https://www.coupang.com/np/categories/401964)\n        *   [지류/스케치북](https://www.coupang.com/np/categories/401991)\n        *   [캔버스/판넬](https://www.coupang.com/np/categories/402011)\n        *   [드로잉/채색도구](https://www.coupang.com/np/categories/402016)\n        *   [붓](https://www.coupang.com/np/categories/402059)\n        *   [파스텔/콩테/목탄](https://www.coupang.com/np/categories/402074)\n        *   [캘리그라피](https://www.coupang.com/np/categories/402081)\n        *   [애니메이션/만화](https://www.coupang.com/np/categories/402092)\n        *   [더보기](https://www.coupang.com/np/categories/401900)\n\n    *   [캐릭터 문구](https://www.coupang.com/np/categories/359731)\n\n        *   [카카오프렌즈](https://www.coupang.com/np/categories/359732)\n        *   [핑크퐁](https://www.coupang.com/np/categories/379723)\n        *   [뽀로로](https://www.coupang.com/np/categories/359733)\n        *   [리락쿠마](https://www.coupang.com/np/categories/359736)\n        *   [엉덩이탐정](https://www.coupang.com/np/categories/443129)\n        *   [디즈니](https://www.coupang.com/np/categories/359735)\n        *   [포켓몬스터](https://www.coupang.com/np/categories/359745)\n        *   [짱구는 못말려](https://www.coupang.com/np/categories/443130)\n        *   [헬로키티](https://www.coupang.com/np/categories/359734)\n        *   [BT21](https://www.coupang.com/np/categories/443131)\n        *   [마블/DC](https://www.coupang.com/np/categories/366893)\n        *   [에비츄](https://www.coupang.com/np/categories/359750)\n        *   [빨강머리 앤](https://www.coupang.com/np/categories/359740)\n        *   [더보기](https://www.coupang.com/np/categories/359731)\n\n    *   [학용품/수업준비](https://www.coupang.com/np/categories/178098)\n\n        *   [필기용품](https://www.coupang.com/np/categories/373322)\n        *   [노트](https://www.coupang.com/np/categories/178100)\n        *   [메모지/수첩](https://www.coupang.com/np/categories/373365)\n        *   [학용품세트](https://www.coupang.com/np/categories/178113)\n        *   [파일](https://www.coupang.com/np/categories/373372)\n        *   [네임스티커/명찰](https://www.coupang.com/np/categories/178114)\n        *   [지구본/지도](https://www.coupang.com/np/categories/178123)\n        *   [과학시간](https://www.coupang.com/np/categories/382074)\n        *   [수학시간](https://www.coupang.com/np/categories/178151)\n        *   [미술시간](https://www.coupang.com/np/categories/178167)\n        *   [음악시간](https://www.coupang.com/np/categories/178226)\n        *   [체육시간](https://www.coupang.com/np/categories/178242)\n        *   [학년별 준비물](https://www.coupang.com/np/categories/373384)\n        *   [더보기](https://www.coupang.com/np/categories/178098)\n\n    *   [필기류](https://www.coupang.com/np/categories/177297)\n\n        *   [펜/리필심](https://www.coupang.com/np/categories/177299)\n        *   [연필](https://www.coupang.com/np/categories/177306)\n        *   [샤프](https://www.coupang.com/np/categories/177315)\n        *   [만년필](https://www.coupang.com/np/categories/177319)\n        *   [형광펜](https://www.coupang.com/np/categories/177328)\n        *   [사인펜/매직](https://www.coupang.com/np/categories/177329)\n        *   [색연필](https://www.coupang.com/np/categories/177334)\n        *   [붓펜/캘리그라피펜](https://www.coupang.com/np/categories/177335)\n        *   [분필/보드마카](https://www.coupang.com/np/categories/177340)\n        *   [지우개/수정액](https://www.coupang.com/np/categories/177346)\n        *   [필통/파우치](https://www.coupang.com/np/categories/177356)\n\n    *   [노트/메모지](https://www.coupang.com/np/categories/401541)\n\n        *   [유선/무선노트](https://www.coupang.com/np/categories/435837)\n        *   [학습/과목노트](https://www.coupang.com/np/categories/435838)\n        *   [초등학생노트](https://www.coupang.com/np/categories/435839)\n        *   [노트커버/패드](https://www.coupang.com/np/categories/435840)\n        *   [수첩](https://www.coupang.com/np/categories/435841)\n        *   [가계부/캐쉬북](https://www.coupang.com/np/categories/435842)\n        *   [일기장](https://www.coupang.com/np/categories/435843)\n        *   [기록노트](https://www.coupang.com/np/categories/435844)\n        *   [메모패드/리갈패드](https://www.coupang.com/np/categories/435845)\n        *   [메모지/체크리스트](https://www.coupang.com/np/categories/435846)\n        *   [점착메모지/포스트잇](https://www.coupang.com/np/categories/435847)\n        *   [인덱스/플래그](https://www.coupang.com/np/categories/401571)\n\n    *   [다이어리/플래너](https://www.coupang.com/np/categories/401572)\n\n        *   [다이어리](https://www.coupang.com/np/categories/401573)\n        *   [다이어리소품](https://www.coupang.com/np/categories/401577)\n        *   [스케쥴러](https://www.coupang.com/np/categories/401581)\n        *   [캘린더](https://www.coupang.com/np/categories/401582)\n        *   [프로젝트플래너](https://www.coupang.com/np/categories/401588)\n\n    *   [바인더/파일](https://www.coupang.com/np/categories/177419)\n\n        *   [바인더](https://www.coupang.com/np/categories/177421)\n        *   [파일](https://www.coupang.com/np/categories/177427)\n        *   [클립보드/결재판](https://www.coupang.com/np/categories/177442)\n\n    *   [파티/이벤트](https://www.coupang.com/np/categories/401805)\n\n        *   [테이블웨어](https://www.coupang.com/np/categories/401806)\n        *   [초/티라이트](https://www.coupang.com/np/categories/401813)\n        *   [풍선](https://www.coupang.com/np/categories/401818)\n        *   [파티모자/머리띠](https://www.coupang.com/np/categories/401829)\n        *   [파티장식/가랜드](https://www.coupang.com/np/categories/401834)\n        *   [홈파티세트](https://www.coupang.com/np/categories/401840)\n        *   [꽃잎/폭죽/불꽃놀이](https://www.coupang.com/np/categories/401841)\n        *   [가발/가면/안경](https://www.coupang.com/np/categories/401847)\n        *   [의상/분장용품](https://www.coupang.com/np/categories/401851)\n        *   [응원/페스티벌](https://www.coupang.com/np/categories/401857)\n        *   [마술용품](https://www.coupang.com/np/categories/401866)\n        *   [기타파티소품](https://www.coupang.com/np/categories/401873)\n\n    *   [데코/포장용품](https://www.coupang.com/np/categories/178035)\n\n        *   [선물/포장용품](https://www.coupang.com/np/categories/178037)\n        *   [스티커](https://www.coupang.com/np/categories/178060)\n        *   [스탬프/씰링](https://www.coupang.com/np/categories/178068)\n        *   [모양펀치](https://www.coupang.com/np/categories/178073)\n        *   [데코테이프](https://www.coupang.com/np/categories/178074)\n\n    *   [카드/엽서/봉투](https://www.coupang.com/np/categories/178005)\n\n        *   [카드](https://www.coupang.com/np/categories/178007)\n        *   [엽서](https://www.coupang.com/np/categories/178015)\n        *   [편지지](https://www.coupang.com/np/categories/178021)\n        *   [봉투](https://www.coupang.com/np/categories/178022)\n\n    *   [앨범](https://www.coupang.com/np/categories/401781)\n\n        *   [일반포토앨범](https://www.coupang.com/np/categories/401782)\n        *   [폴라로이드앨범](https://www.coupang.com/np/categories/401783)\n        *   [티켓/영화앨범](https://www.coupang.com/np/categories/401784)\n        *   [출산/성장앨범](https://www.coupang.com/np/categories/401785)\n        *   [기타스크랩북](https://www.coupang.com/np/categories/401786)\n\n    *   [복사용품/라벨지](https://www.coupang.com/np/categories/177453)\n\n        *   [복사용지](https://www.coupang.com/np/categories/177455)\n        *   [출력라벨지](https://www.coupang.com/np/categories/177456)\n        *   [전용지](https://www.coupang.com/np/categories/177471)\n        *   [잉크/토너](https://www.coupang.com/np/categories/177482)\n\n    *   [보드/칠판/광고](https://www.coupang.com/np/categories/401787)\n\n        *   [화이트보드/게시판](https://www.coupang.com/np/categories/401788)\n        *   [블랙/칼라보드/게시판](https://www.coupang.com/np/categories/401789)\n        *   [칠판보드/게시판](https://www.coupang.com/np/categories/401790)\n        *   [콜크보드/게시판](https://www.coupang.com/np/categories/401791)\n        *   [융보드/게시판](https://www.coupang.com/np/categories/401792)\n        *   [메모보드](https://www.coupang.com/np/categories/401793)\n        *   [타공판/메쉬보드](https://www.coupang.com/np/categories/401794)\n        *   [보드/게시판소품](https://www.coupang.com/np/categories/401795)\n        *   [메뉴판](https://www.coupang.com/np/categories/401799)\n        *   [쇼카드](https://www.coupang.com/np/categories/401800)\n        *   [아크릴꽂이/집게](https://www.coupang.com/np/categories/401801)\n        *   [아크릴사인/표지판](https://www.coupang.com/np/categories/401802)\n        *   [마네킹](https://www.coupang.com/np/categories/401803)\n        *   [더보기](https://www.coupang.com/np/categories/401787)\n\n[문구/오피스](https://pages.coupang.com/p/159292 \"문구/오피스\")![Image 35: 문구/오피스](https://www.coupang.com/np/siteWideEvent?mlpPageId=2623&subSourceType=gm_crm_gwc1mainbnr_p1625_b1002021_c457087&sourceType=gm_crm_sssp&from=home_C1&traid=home_C1&trcid=812431000386)\n\n*   [반려동물용품](https://www.coupang.com/np/categories/115674)\n\n    *   [강아지 사료](https://www.coupang.com/np/categories/445725)\n\n        *   [건식사료](https://www.coupang.com/np/categories/445726)\n        *   [소프트사료](https://www.coupang.com/np/categories/445727)\n        *   [습식사료](https://www.coupang.com/np/categories/445728)\n        *   [건조/생식사료](https://www.coupang.com/np/categories/445729)\n        *   [화식사료](https://www.coupang.com/np/categories/445730)\n        *   [분유](https://www.coupang.com/np/categories/445731)\n        *   [기능성사료](https://www.coupang.com/np/categories/509024)\n        *   [처방식 사료](https://www.coupang.com/np/categories/510526)\n\n    *   [강아지 간식](https://www.coupang.com/np/categories/118900)\n\n        *   [캔/파우치](https://www.coupang.com/np/categories/118975)\n        *   [덴탈껌](https://www.coupang.com/np/categories/385001)\n        *   [건조간식/육포](https://www.coupang.com/np/categories/385002)\n        *   [동결건조간식](https://www.coupang.com/np/categories/385003)\n        *   [비스켓/시리얼/쿠키](https://www.coupang.com/np/categories/118974)\n        *   [캔디/젤리](https://www.coupang.com/np/categories/225063)\n        *   [빵/케이크](https://www.coupang.com/np/categories/225064)\n        *   [테린/화식](https://www.coupang.com/np/categories/445733)\n        *   [져키/트릿](https://www.coupang.com/np/categories/385004)\n        *   [음료](https://www.coupang.com/np/categories/118980)\n\n    *   [강아지 영양제](https://www.coupang.com/np/categories/486318)\n\n        *   [영양제](https://www.coupang.com/np/categories/486319)\n        *   [건강보조제](https://www.coupang.com/np/categories/486328)\n        *   [처방보조/보충식](https://www.coupang.com/np/categories/510524)\n\n    *   [강아지 용품](https://www.coupang.com/np/categories/118876)\n\n        *   [하우스/울타리](https://www.coupang.com/np/categories/118920)\n        *   [급식기/급수기](https://www.coupang.com/np/categories/118919)\n        *   [의류/패션](https://www.coupang.com/np/categories/118926)\n        *   [배변용품](https://www.coupang.com/np/categories/118916)\n        *   [미용/목욕](https://www.coupang.com/np/categories/118917)\n        *   [장난감/훈련용품](https://www.coupang.com/np/categories/118923)\n        *   [펫캠/가전용품](https://www.coupang.com/np/categories/486542)\n        *   [이동장/외출용품](https://www.coupang.com/np/categories/118922)\n        *   [건강 관리](https://www.coupang.com/np/categories/373649)\n        *   [강아지도서](https://www.coupang.com/np/categories/225106)\n\n    *   [고양이 사료](https://www.coupang.com/np/categories/445859)\n\n        *   [건식사료](https://www.coupang.com/np/categories/445860)\n        *   [습식/소프트사료](https://www.coupang.com/np/categories/445861)\n        *   [건조생식사료](https://www.coupang.com/np/categories/445862)\n        *   [화식사료](https://www.coupang.com/np/categories/445863)\n        *   [분유](https://www.coupang.com/np/categories/446151)\n        *   [기능성사료](https://www.coupang.com/np/categories/509026)\n        *   [처방식 사료](https://www.coupang.com/np/categories/510527)\n\n    *   [고양이 간식](https://www.coupang.com/np/categories/119402)\n\n        *   [캔](https://www.coupang.com/np/categories/119522)\n        *   [파우치](https://www.coupang.com/np/categories/119499)\n        *   [동결/건조간식](https://www.coupang.com/np/categories/120216)\n        *   [수제간식](https://www.coupang.com/np/categories/119501)\n        *   [져키/스틱](https://www.coupang.com/np/categories/119502)\n        *   [통살/소시지](https://www.coupang.com/np/categories/119503)\n        *   [스낵](https://www.coupang.com/np/categories/119504)\n        *   [캣닢/캣글라스](https://www.coupang.com/np/categories/119505)\n        *   [음료](https://www.coupang.com/np/categories/119506)\n        *   [껌](https://www.coupang.com/np/categories/120217)\n        *   [테린/화식](https://www.coupang.com/np/categories/445864)\n\n    *   [고양이 용품](https://www.coupang.com/np/categories/118878)\n\n        *   [캣타워/스크래쳐](https://www.coupang.com/np/categories/119567)\n        *   [하우스/방석](https://www.coupang.com/np/categories/119562)\n        *   [급식기/급수기](https://www.coupang.com/np/categories/119561)\n        *   [의류/패션](https://www.coupang.com/np/categories/157054)\n        *   [모래/화장실](https://www.coupang.com/np/categories/119558)\n        *   [미용/목욕](https://www.coupang.com/np/categories/385076)\n        *   [장난감](https://www.coupang.com/np/categories/119568)\n        *   [펫캠/가전용품](https://www.coupang.com/np/categories/486545)\n        *   [이동장/외출용품](https://www.coupang.com/np/categories/119564)\n        *   [건강 관리](https://www.coupang.com/np/categories/119559)\n        *   [고양이 도서](https://www.coupang.com/np/categories/225107)\n\n    *   [고양이 영양제](https://www.coupang.com/np/categories/486331)\n\n        *   [영양제](https://www.coupang.com/np/categories/486332)\n        *   [건강보조제](https://www.coupang.com/np/categories/486342)\n        *   [처방보조/보충식](https://www.coupang.com/np/categories/510525)\n\n    *   [펫티켓 산책용품](https://www.coupang.com/np/categories/381522)\n\n        *   [배변봉투/삽](https://www.coupang.com/np/categories/381523)\n        *   [물티슈/크리너](https://www.coupang.com/np/categories/381526)\n        *   [기저귀/매너벨트](https://www.coupang.com/np/categories/381527)\n        *   [입마개](https://www.coupang.com/np/categories/381528)\n        *   [가슴줄/하네스](https://www.coupang.com/np/categories/381529)\n        *   [목줄](https://www.coupang.com/np/categories/381532)\n        *   [리드줄](https://www.coupang.com/np/categories/381535)\n        *   [자동줄](https://www.coupang.com/np/categories/381538)\n        *   [인식표/목걸이](https://www.coupang.com/np/categories/381539)\n        *   [이동가방/캐리어](https://www.coupang.com/np/categories/381540)\n\n    *   [관상어 용품](https://www.coupang.com/np/categories/118879)\n\n        *   [사료](https://www.coupang.com/np/categories/119922)\n        *   [수초/재배용품](https://www.coupang.com/np/categories/384981)\n        *   [수조/어항](https://www.coupang.com/np/categories/384995)\n        *   [수질 관리용품](https://www.coupang.com/np/categories/119925)\n        *   [모터/여과용품](https://www.coupang.com/np/categories/119926)\n        *   [수조장식/바닥재](https://www.coupang.com/np/categories/119927)\n        *   [히터/온도계](https://www.coupang.com/np/categories/119928)\n        *   [청소도구](https://www.coupang.com/np/categories/119929)\n        *   [조명](https://www.coupang.com/np/categories/119932)\n        *   [부화용품/급여기](https://www.coupang.com/np/categories/119933)\n        *   [관상어 도서](https://www.coupang.com/np/categories/225108)\n\n    *   [소동물/가축용품](https://www.coupang.com/np/categories/121391)\n\n        *   [조류용품](https://www.coupang.com/np/categories/118880)\n        *   [토끼/기니피그](https://www.coupang.com/np/categories/402289)\n        *   [햄스터 용품](https://www.coupang.com/np/categories/118882)\n        *   [고슴도치용품](https://www.coupang.com/np/categories/118883)\n        *   [페럿용품](https://www.coupang.com/np/categories/118886)\n        *   [거북이/달팽이용품](https://www.coupang.com/np/categories/118885)\n        *   [파충류용품](https://www.coupang.com/np/categories/118881)\n        *   [장수풍뎅이/곤충용품](https://www.coupang.com/np/categories/118884)\n        *   [가축사료/용품](https://www.coupang.com/np/categories/225990)\n        *   [소동물 도서](https://www.coupang.com/np/categories/225109)\n\n    *   [로켓펫닥터](https://www.coupang.com/np/campaigns/17993) \n\n[반려동물용품](https://www.coupang.com/mlp/web/mlp-landing-page?landingId=2472 \"25Y 11월 펫푸드위크\")![Image 36: 25Y 11월 펫푸드위크](https://www.coupang.com/np/siteWideEvent?mlpPageId=2623&subSourceType=gm_crm_gwc1mainbnr_p1625_b1002021_c457087&sourceType=gm_crm_sssp&from=home_C1&traid=home_C1&trcid=812431000386)\n\n*   [헬스/건강식품](https://www.coupang.com/np/categories/305798)\n\n    *   [건강기능식품](https://www.coupang.com/np/campaigns/6585) \n    *   [비타민/미네랄](https://www.coupang.com/np/categories/310632)\n\n        *   [멀티비타민](https://www.coupang.com/np/categories/310633)\n        *   [비타민A](https://www.coupang.com/np/categories/310634)\n        *   [비타민B](https://www.coupang.com/np/categories/310635)\n        *   [비오틴](https://www.coupang.com/np/categories/310636)\n        *   [비타민C](https://www.coupang.com/np/categories/310637)\n        *   [비타민D](https://www.coupang.com/np/categories/310638)\n        *   [비타민E](https://www.coupang.com/np/categories/310639)\n        *   [비타민K](https://www.coupang.com/np/categories/310640)\n        *   [칼슘](https://www.coupang.com/np/categories/310641)\n        *   [마그네슘](https://www.coupang.com/np/categories/310642)\n        *   [아연](https://www.coupang.com/np/categories/310643)\n        *   [철분](https://www.coupang.com/np/categories/310644)\n        *   [요오드](https://www.coupang.com/np/categories/310645)\n        *   [더보기](https://www.coupang.com/np/categories/310632)\n\n    *   [건강식품](https://www.coupang.com/np/categories/310655)\n\n        *   [유산균](https://www.coupang.com/np/categories/310656)\n        *   [루테인](https://www.coupang.com/np/categories/310657)\n        *   [밀크시슬](https://www.coupang.com/np/categories/310658)\n        *   [오메가/크릴오일](https://www.coupang.com/np/categories/509614)\n        *   [DHA](https://www.coupang.com/np/categories/310660)\n        *   [코엔자임Q10](https://www.coupang.com/np/categories/310661)\n        *   [히알루론산/콜라겐](https://www.coupang.com/np/categories/310662)\n        *   [효소](https://www.coupang.com/np/categories/310663)\n        *   [폴리코사놀](https://www.coupang.com/np/categories/310664)\n        *   [글루코사민](https://www.coupang.com/np/categories/310665)\n        *   [프로폴리스](https://www.coupang.com/np/categories/310666)\n        *   [쏘팔메토](https://www.coupang.com/np/categories/310667)\n        *   [보스웰리아](https://www.coupang.com/np/categories/509625)\n        *   [더보기](https://www.coupang.com/np/categories/310655)\n\n    *   [허브/식물추출물](https://www.coupang.com/np/categories/310694)\n\n        *   [석류](https://www.coupang.com/np/categories/310704)\n        *   [아사이베리](https://www.coupang.com/np/categories/310711)\n        *   [크랜베리](https://www.coupang.com/np/categories/310712)\n        *   [블루베리](https://www.coupang.com/np/categories/310713)\n        *   [클로렐라](https://www.coupang.com/np/categories/310705)\n        *   [쏘팔메토](https://www.coupang.com/np/categories/310719)\n        *   [루테인](https://www.coupang.com/np/categories/310718)\n        *   [빌베리](https://www.coupang.com/np/categories/310714)\n        *   [프로폴리스](https://www.coupang.com/np/categories/310717)\n        *   [로열젤리/벌화분](https://www.coupang.com/np/categories/310702)\n        *   [밀크시슬](https://www.coupang.com/np/categories/310716)\n        *   [징코](https://www.coupang.com/np/categories/310697)\n        *   [마카](https://www.coupang.com/np/categories/310698)\n        *   [더보기](https://www.coupang.com/np/categories/310694)\n\n    *   [홍삼/인삼](https://www.coupang.com/np/categories/311209)\n\n        *   [홍삼농축액/홍삼정](https://www.coupang.com/np/categories/311210)\n        *   [홍삼진액/파우치](https://www.coupang.com/np/categories/311211)\n        *   [홍삼정과/절편](https://www.coupang.com/np/categories/311212)\n        *   [홍삼캡슐](https://www.coupang.com/np/categories/311213)\n        *   [홍삼환](https://www.coupang.com/np/categories/311214)\n        *   [홍삼캔디/젤리](https://www.coupang.com/np/categories/311215)\n        *   [어린이홍삼](https://www.coupang.com/np/categories/311216)\n        *   [기타 홍삼](https://www.coupang.com/np/categories/311217)\n        *   [인삼/수삼/장뇌삼](https://www.coupang.com/np/categories/311218)\n\n    *   [건강즙/음료](https://www.coupang.com/np/categories/311219)\n\n        *   [배즙/도라지즙](https://www.coupang.com/np/categories/311223)\n        *   [양배추즙](https://www.coupang.com/np/categories/486650)\n        *   [비트/호박즙](https://www.coupang.com/np/categories/486651)\n        *   [ABC/석류/사과/포도](https://www.coupang.com/np/categories/311220)\n        *   [양파즙/마늘즙](https://www.coupang.com/np/categories/311224)\n        *   [기타건강즙](https://www.coupang.com/np/categories/311227)\n        *   [건강음료](https://www.coupang.com/np/categories/501428)\n\n    *   [꿀/프로폴리스](https://www.coupang.com/np/categories/501440)\n\n        *   [일반꿀](https://www.coupang.com/np/categories/501441)\n        *   [벌집꿀](https://www.coupang.com/np/categories/501442)\n        *   [로얄젤리](https://www.coupang.com/np/categories/501443)\n        *   [허니파우더/벌화분](https://www.coupang.com/np/categories/501444)\n        *   [프로폴리스](https://www.coupang.com/np/categories/501445)\n\n    *   [건강분말/건강환](https://www.coupang.com/np/categories/501446)\n\n        *   [건강환](https://www.coupang.com/np/categories/501447)\n        *   [건강분말](https://www.coupang.com/np/categories/501448)\n\n    *   [헬스보충식품](https://www.coupang.com/np/categories/310722)\n\n        *   [프로틴](https://www.coupang.com/np/categories/310723)\n        *   [크레아틴](https://www.coupang.com/np/categories/310731)\n        *   [아미노산](https://www.coupang.com/np/categories/310732)\n        *   [기타헬스보조제](https://www.coupang.com/np/categories/310744)\n\n    *   [다이어트/이너뷰티](https://www.coupang.com/np/categories/310745)\n\n        *   [탄수화물차단제](https://www.coupang.com/np/categories/310746)\n        *   [체지방감소제](https://www.coupang.com/np/categories/310750)\n        *   [다이어트 쉐이크](https://www.coupang.com/np/categories/310759)\n        *   [과일/야채음료](https://www.coupang.com/np/categories/501449)\n        *   [히알루론산/콜라겐](https://www.coupang.com/np/categories/501450)\n        *   [석류](https://www.coupang.com/np/categories/501451)\n        *   [기타다이어트식품](https://www.coupang.com/np/categories/310760)\n\n    *   [영양식/선식](https://www.coupang.com/np/categories/566996)\n\n        *   [건강회복식](https://www.coupang.com/np/categories/566997)\n        *   [성인분유](https://www.coupang.com/np/categories/566998)\n        *   [기타영양식](https://www.coupang.com/np/categories/566999)\n\n    *   [어린이 건강식품](https://www.coupang.com/np/categories/501398)\n\n        *   [비타민/미네랄](https://www.coupang.com/np/categories/501399)\n        *   [홍삼](https://www.coupang.com/np/categories/501400)\n        *   [칼슘](https://www.coupang.com/np/categories/501401)\n        *   [유산균/초유](https://www.coupang.com/np/categories/501402)\n        *   [오메가](https://www.coupang.com/np/categories/501403)\n        *   [기타 건강식품](https://www.coupang.com/np/categories/501404)\n\n    *   [홈트레이닝](https://www.coupang.com/np/categories/501452)\n\n        *   [스트레칭/마사지](https://www.coupang.com/np/categories/501453)\n        *   [유산소](https://www.coupang.com/np/categories/501462)\n        *   [근력](https://www.coupang.com/np/categories/501469)\n        *   [보호대/체중계](https://www.coupang.com/np/categories/501478)\n\n    *   [헬스/요가용품](https://www.coupang.com/np/categories/334193)\n\n        *   [요가/필라테스](https://www.coupang.com/np/categories/334194)\n        *   [근력운동](https://www.coupang.com/np/categories/334208)\n        *   [유산소운동](https://www.coupang.com/np/categories/334236)\n        *   [스트레칭/균형](https://www.coupang.com/np/categories/334251)\n        *   [헬스소품/보호대](https://www.coupang.com/np/categories/334259)\n        *   [운동측정용품](https://www.coupang.com/np/categories/334270)\n        *   [부위별 운동용품](https://www.coupang.com/np/categories/376551)\n\n    *   [건강가전](https://www.coupang.com/np/categories/310834)\n\n        *   [안마/찜질기](https://www.coupang.com/np/categories/310835)\n        *   [공기청정기/가습기](https://www.coupang.com/np/categories/501485)\n        *   [손소독/살균기](https://www.coupang.com/np/categories/310850)\n        *   [전동칫솔/살균기](https://www.coupang.com/np/categories/310841)\n        *   [비데](https://www.coupang.com/np/categories/310846)\n\n    *   [건강도서](https://www.coupang.com/np/categories/310856)\n\n        *   [다이어트](https://www.coupang.com/np/categories/310857)\n        *   [요가/체조/기타](https://www.coupang.com/np/categories/310858)\n        *   [한의학/한방치료](https://www.coupang.com/np/categories/310860)\n        *   [건강에세이](https://www.coupang.com/np/categories/310861)\n        *   [건강/다이어트요리](https://www.coupang.com/np/categories/310862)\n        *   [해외건강도서](https://www.coupang.com/np/categories/310863)\n\n    *   [더보기](https://www.coupang.com/np/categories/305798)\n\n[헬스/건강식품](https://www.coupang.com/np/campaigns/6585 \"헬스/건강식품\")![Image 37: 헬스/건강식품](https://www.coupang.com/np/siteWideEvent?mlpPageId=2623&subSourceType=gm_crm_gwc1mainbnr_p1625_b1002021_c457087&sourceType=gm_crm_sssp&from=home_C1&traid=home_C1&trcid=812431000386)\n\n티켓\n\n*   [여행/티켓](https://trip.coupang.com/?channel=category)\n\n[여행 홈 바로가기](https://trip.coupang.com/?channel=category)\n국내여행\n\n    *   [국내 티켓](https://www.coupang.com/np/categories/396467)\n\n        *   [테마파크](https://www.coupang.com/np/categories/396471)\n        *   [E쿠폰/호텔뷔페](https://www.coupang.com/np/categories/396478)\n        *   [스파/워터파크](https://www.coupang.com/np/categories/396472)\n        *   [키즈파크/키즈체험](https://www.coupang.com/np/categories/396473)\n        *   [액티비티/레저](https://www.coupang.com/np/categories/487364)\n        *   [공연/전시](https://www.coupang.com/np/categories/396477)\n        *   [유람선/요트/승선권](https://www.coupang.com/np/categories/396476)\n        *   [체험/원데이클래스](https://www.coupang.com/np/categories/487366)\n        *   [제주관광지](https://www.coupang.com/np/categories/396475)\n        *   [골프](https://www.coupang.com/np/categories/487365)\n        *   [테마카페/여행편의](https://www.coupang.com/np/categories/487367)\n\n    *   [국내 호텔/리조트](https://www.coupang.com/np/categories/396466) \n    *   [국내 펜션/캠핑](https://www.coupang.com/np/categories/396465) \n    *   [국내 패키지](https://www.coupang.com/np/categories/396470)\n\n        *   [제주항공권](https://www.coupang.com/np/categories/396482)\n        *   [제주여행](https://www.coupang.com/np/categories/396483)\n        *   [내륙버스여행](https://www.coupang.com/np/categories/396484)\n        *   [내륙기차여행](https://www.coupang.com/np/categories/396485)\n        *   [섬여행](https://www.coupang.com/np/categories/396486)\n        *   [내륙자유여행](https://www.coupang.com/np/categories/397386)\n\n    *   [국내 렌터카](https://www.coupang.com/np/categories/396468)\n\n        *   [제주](https://www.coupang.com/np/categories/396479)\n        *   [부산](https://www.coupang.com/np/categories/396519)\n        *   [서울](https://www.coupang.com/np/categories/396512)\n        *   [광주](https://www.coupang.com/np/categories/397383)\n        *   [경기](https://www.coupang.com/np/categories/396514)\n        *   [강원](https://www.coupang.com/np/categories/396515)\n        *   [전국 렌터카](https://www.coupang.com/np/categories/396480)\n\n해외여행\n\n    *   [해외 패키지](https://www.coupang.com/np/categories/396554)\n\n        *   [일본](https://www.coupang.com/np/categories/396560)\n        *   [동남아시아/방콕/싱가포르](https://www.coupang.com/np/categories/396559)\n        *   [괌/사이판/호주](https://www.coupang.com/np/categories/396563)\n        *   [유럽](https://www.coupang.com/np/categories/396565)\n        *   [대만/홍콩/마카오](https://www.coupang.com/np/categories/396562)\n        *   [미주/기타](https://www.coupang.com/np/categories/396564)\n        *   [중국](https://www.coupang.com/np/categories/396561)\n\n    *   [해외 항공+호텔](https://www.coupang.com/np/categories/396555)\n\n        *   [일본](https://www.coupang.com/np/categories/396567)\n        *   [동남아시아/방콕/싱가포르](https://www.coupang.com/np/categories/396566)\n        *   [괌/사이판/호주](https://www.coupang.com/np/categories/396570)\n        *   [유럽/미주/하와이](https://www.coupang.com/np/categories/396571)\n        *   [대만/홍콩/마카오](https://www.coupang.com/np/categories/396569)\n        *   [추천 항공권](https://www.coupang.com/np/categories/396581)\n\n    *   [해외 티켓](https://www.coupang.com/np/categories/396556)\n\n        *   [일본](https://www.coupang.com/np/categories/396573)\n        *   [동남아시아/방콕/싱가포르](https://www.coupang.com/np/categories/396576)\n        *   [괌/사이판/호주](https://www.coupang.com/np/categories/396577)\n        *   [유럽](https://www.coupang.com/np/categories/396579)\n        *   [미주/하와이](https://www.coupang.com/np/categories/396578)\n        *   [대만](https://www.coupang.com/np/categories/396575)\n        *   [홍콩/중국/마카오](https://www.coupang.com/np/categories/396574)\n\n    *   [해외 숙소](https://www.coupang.com/np/categories/396558) \n    *   [실시간항공권](https://www.coupang.com/np/categories/396580) \n\n[국내여행](https://pages.coupang.com/p/158474 \"국내여행\")![Image 38: 국내여행](https://www.coupang.com/np/siteWideEvent?mlpPageId=2623&subSourceType=gm_crm_gwc1mainbnr_p1625_b1002021_c457087&sourceType=gm_crm_sssp&from=home_C1&traid=home_C1&trcid=812431000386)\n\n테마관\n\n*   [테마관](javascript:;)\n\n    *   [R.LUX](https://www.coupang.com/np/campaigns/18530)\n\n        *   [뷰티](https://www.coupang.com/np/campaigns/18530)\n        *   [패션](https://www.coupang.com/np/campaigns/22131)\n\n    *   [로켓설치](https://www.coupang.com/np/campaigns/6733) \n    *   [공간별 집꾸미기](https://www.coupang.com/np/campaigns/2318) \n    *   [헬스케어 전문관](https://www.coupang.com/np/campaigns/13570) \n    *   [쿠팡 Only](https://www.coupang.com/np/campaigns/1440) \n    *   [싱글라이프](https://www.coupang.com/np/categories/433784)\n\n        *   [청소기/소형가전](https://www.coupang.com/np/categories/433785)\n        *   [세제/화장지](https://www.coupang.com/np/categories/433797)\n        *   [샤워/세안](https://www.coupang.com/np/categories/433841)\n        *   [세탁/청소용품](https://www.coupang.com/np/categories/433870)\n        *   [방범/호신용품](https://www.coupang.com/np/categories/433889)\n        *   [샐러드/시리얼](https://www.coupang.com/np/categories/433907)\n        *   [즉석식품/라면](https://www.coupang.com/np/categories/433973)\n        *   [반찬/간편조리식품](https://www.coupang.com/np/categories/434014)\n        *   [간식/베이커리](https://www.coupang.com/np/categories/434162)\n\n    *   [악기전문관](https://www.coupang.com/np/campaigns/11354) \n    *   [결혼준비](https://www.coupang.com/np/categories/416130)\n\n        *   [가전](https://www.coupang.com/np/categories/416131)\n        *   [가구/침구](https://www.coupang.com/np/categories/416248)\n        *   [주방용품](https://www.coupang.com/np/categories/416452)\n        *   [인테리어/소품](https://www.coupang.com/np/categories/416709)\n        *   [웨딩촬영](https://www.coupang.com/np/categories/417087)\n        *   [이벤트용품](https://www.coupang.com/np/categories/417095)\n        *   [웨딩케어](https://www.coupang.com/np/categories/417142)\n\n    *   [아트/공예](https://www.coupang.com/np/categories/410273)\n\n        *   [미술/화방용품](https://www.coupang.com/np/categories/410274)\n        *   [DIY소품만들기](https://www.coupang.com/np/categories/410506)\n        *   [손뜨개/자수](https://www.coupang.com/np/categories/410798)\n        *   [옷만들기/미싱](https://www.coupang.com/np/categories/410837)\n        *   [데코/포장용품](https://www.coupang.com/np/categories/410924)\n        *   [파티/이벤트](https://www.coupang.com/np/categories/410975)\n        *   [미술/DIY도서](https://www.coupang.com/np/categories/411023)\n        *   [정리/수납용품](https://www.coupang.com/np/categories/411038)\n\n    *   [미세먼지용품](https://www.coupang.com/np/campaigns/17593) \n    *   [홈카페](https://www.coupang.com/np/categories/316168)\n\n        *   [원두/커피](https://www.coupang.com/np/categories/316169)\n        *   [커피믹스](https://www.coupang.com/np/categories/488176)\n        *   [차/티백](https://www.coupang.com/np/categories/411234)\n        *   [카페시럽](https://www.coupang.com/np/categories/316179)\n        *   [커피머신/커피메이커](https://www.coupang.com/np/categories/316199)\n        *   [티포트/전기포트](https://www.coupang.com/np/categories/411299)\n        *   [제빙기/블렌더](https://www.coupang.com/np/categories/411304)\n        *   [로스터/그라인더](https://www.coupang.com/np/categories/411313)\n        *   [커피머신 액세서리](https://www.coupang.com/np/categories/411316)\n        *   [드립커피용품](https://www.coupang.com/np/categories/411322)\n        *   [라떼용품](https://www.coupang.com/np/categories/411328)\n        *   [티용품](https://www.coupang.com/np/categories/411332)\n        *   [컵/잔/텀블러](https://www.coupang.com/np/categories/316206)\n        *   [더보기](https://www.coupang.com/np/categories/316168)\n\n    *   [실버스토어](https://www.coupang.com/np/categories/383370)\n\n        *   [활동보조](https://www.coupang.com/np/categories/383371)\n        *   [위생/변기용품](https://www.coupang.com/np/categories/383377)\n        *   [목욕보조](https://www.coupang.com/np/categories/383391)\n        *   [건강관리](https://www.coupang.com/np/categories/383404)\n        *   [재활/운동기구](https://www.coupang.com/np/categories/383454)\n        *   [간병/보조용품](https://www.coupang.com/np/categories/383472)\n        *   [병원/의료용품](https://www.coupang.com/np/categories/383482)\n        *   [생활편의](https://www.coupang.com/np/categories/383492)\n        *   [의류/신발](https://www.coupang.com/np/categories/383497)\n        *   [온수/전기매트](https://www.coupang.com/np/categories/383506)\n        *   [환자식/건강식품](https://www.coupang.com/np/categories/383573)\n        *   [안전용품](https://www.coupang.com/np/categories/383615)\n        *   [식사관련용품](https://www.coupang.com/np/categories/383619)\n\n    *   [로켓펫닥터](https://www.coupang.com/np/campaigns/17993) \n\n[R.LUX](https://pages.coupang.com/p/54479 \"R.LUX\")![Image 39: R.LUX](https://www.coupang.com/np/siteWideEvent?mlpPageId=2623&subSourceType=gm_crm_gwc1mainbnr_p1625_b1002021_c457087&sourceType=gm_crm_sssp&from=home_C1&traid=home_C1&trcid=812431000386)\n\n입점/판매 신청\n\n*   [입점/판매 신청](javascript:;)\n\n*   [로그인](https://login.coupang.com/login/login.pang?rtnUrl=https%3A%2F%2Fwww.coupang.com%2Fnp%2Fpost%2Flogin%3Fr%3Dhttps%253A%252F%252Fwww.coupang.com%252Fnp%252FsiteWideEvent%253FmlpPageId%253D2623%2526subSourceType%253Dgm_crm_gwc1mainbnr_p1625_b1002021_c457087%2526sourceType%253Dgm_crm_sssp%2526from%253Dhome_C1%2526traid%253Dhome_C1%2526trcid%253D812431000386)\n*   [회원가입](https://login.coupang.com/login/memberJoinFrm.pang)\n*   [고객센터](https://mc.coupang.com/ssr/desktop/contact/faq)\n[자주묻는 질문](https://mc.coupang.com/ssr/desktop/contact/faq)[1:1 채팅문의](https://mc.coupang.com/ssr/desktop/contact/inquiry)[고객의 소리](https://mc.coupang.com/ssr/desktop/contact/voc)[취소 / 반품 안내](https://www.coupang.com/returnPolicy.pang)\n\n*   [판매자 가입](https://wing.coupang.com/tenants/vendor-signup/signup?utm_source=button_pc_coupang_topbutton_improve_2C&utm_medium=non_paid&utm_id=onsite_ca&utm_content=202411)\n*   [즐겨찾기](https://www.coupang.com/np/siteWideEvent?mlpPageId=2623&subSourceType=gm_crm_gwc1mainbnr_p1625_b1002021_c457087&sourceType=gm_crm_sssp&from=home_C1&traid=home_C1&trcid=812431000386)\n*   [입점신청](https://www.coupang.com/np/siteWideEvent?mlpPageId=2623&subSourceType=gm_crm_gwc1mainbnr_p1625_b1002021_c457087&sourceType=gm_crm_sssp&from=home_C1&traid=home_C1&trcid=812431000386)\n[오픈마켓](https://marketplace.coupangcorp.com/s/?utm_source=button_pc&utm_medium=non_paid&utm_campaign=onsite_ca&utm_id=coupang_app?inflow=WEB_HEADER_B)[여행·티켓](https://with.coupang.com/contract/initialize?inflow=WEB_HEADER_B)[로켓배송](https://supplier.coupang.com/welcome/join)[제휴마케팅](https://partners.coupang.com/)[로켓그로스](https://sell.coupang.com/?utm_source=web_button_pc_rg&utm_medium=referral&utm_campaign=onsite_lead&utm_id=coupang_web?inflow=WEB_HEADER_B)\n\n* * *\n\n가전&디지털 블랙프라이데이\n\n===============\n\n*   [쿠팡홈](https://www.coupang.com/)\n*   [캠페인](https://www.coupang.com/np/siteWideEvent)\n\n맨위로\n\n##### 할인율\n\n*   [할인율 전체](https://www.coupang.com/np/siteWideEvent?mlpPageId=2623&subSourceType=gm_crm_gwc1mainbnr_p1625_b1002021_c457087&sourceType=gm_crm_sssp&from=home_C1&traid=home_C1&trcid=812431000386# \"priceFilter\")\n*   [10% 이상](https://www.coupang.com/np/siteWideEvent?mlpPageId=2623&subSourceType=gm_crm_gwc1mainbnr_p1625_b1002021_c457087&sourceType=gm_crm_sssp&from=home_C1&traid=home_C1&trcid=812431000386# \"priceFilter\")\n*   [25% 이상](https://www.coupang.com/np/siteWideEvent?mlpPageId=2623&subSourceType=gm_crm_gwc1mainbnr_p1625_b1002021_c457087&sourceType=gm_crm_sssp&from=home_C1&traid=home_C1&trcid=812431000386# \"priceFilter\")\n*   [50% 이상](https://www.coupang.com/np/siteWideEvent?mlpPageId=2623&subSourceType=gm_crm_gwc1mainbnr_p1625_b1002021_c457087&sourceType=gm_crm_sssp&from=home_C1&traid=home_C1&trcid=812431000386# \"priceFilter\")\n*   [70% 이상](https://www.coupang.com/np/siteWideEvent?mlpPageId=2623&subSourceType=gm_crm_gwc1mainbnr_p1625_b1002021_c457087&sourceType=gm_crm_sssp&from=home_C1&traid=home_C1&trcid=812431000386# \"priceFilter\")\n\n##### 가격\n\n*   [가격 전체](https://www.coupang.com/np/siteWideEvent?mlpPageId=2623&subSourceType=gm_crm_gwc1mainbnr_p1625_b1002021_c457087&sourceType=gm_crm_sssp&from=home_C1&traid=home_C1&trcid=812431000386# \"priceFilter\")\n*   [5천원 이하](https://www.coupang.com/np/siteWideEvent?mlpPageId=2623&subSourceType=gm_crm_gwc1mainbnr_p1625_b1002021_c457087&sourceType=gm_crm_sssp&from=home_C1&traid=home_C1&trcid=812431000386# \"priceFilter\")\n*   [5천원~1만원](https://www.coupang.com/np/siteWideEvent?mlpPageId=2623&subSourceType=gm_crm_gwc1mainbnr_p1625_b1002021_c457087&sourceType=gm_crm_sssp&from=home_C1&traid=home_C1&trcid=812431000386# \"priceFilter\")\n*   [1만원~1만 5천원](https://www.coupang.com/np/siteWideEvent?mlpPageId=2623&subSourceType=gm_crm_gwc1mainbnr_p1625_b1002021_c457087&sourceType=gm_crm_sssp&from=home_C1&traid=home_C1&trcid=812431000386# \"priceFilter\")\n*   [1만 5천원~2만원](https://www.coupang.com/np/siteWideEvent?mlpPageId=2623&subSourceType=gm_crm_gwc1mainbnr_p1625_b1002021_c457087&sourceType=gm_crm_sssp&from=home_C1&traid=home_C1&trcid=812431000386# \"priceFilter\")\n*   [2만원~3만원](https://www.coupang.com/np/siteWideEvent?mlpPageId=2623&subSourceType=gm_crm_gwc1mainbnr_p1625_b1002021_c457087&sourceType=gm_crm_sssp&from=home_C1&traid=home_C1&trcid=812431000386# \"priceFilter\")\n*   [3만원~5만원](https://www.coupang.com/np/siteWideEvent?mlpPageId=2623&subSourceType=gm_crm_gwc1mainbnr_p1625_b1002021_c457087&sourceType=gm_crm_sssp&from=home_C1&traid=home_C1&trcid=812431000386# \"priceFilter\")\n*   [5만원이상](https://www.coupang.com/np/siteWideEvent?mlpPageId=2623&subSourceType=gm_crm_gwc1mainbnr_p1625_b1002021_c457087&sourceType=gm_crm_sssp&from=home_C1&traid=home_C1&trcid=812431000386# \"priceFilter\")\n\n##### 별점\n\n*   별점 전체 \n*   4점 이상 \n*   3점 이상 \n*   2점 이상 \n*   1점 이상 \n\n![Image 40](https://image9.coupangcdn.com/image/mlp_admin/image/d0f8c48d272c7f4c40a39331d018c636.png)\n\n‌\n\n‌\n\n‌\n\n‌\n\n‌\n\n‌\n\n‌\n\n‌\n\n‌\n\n‌\n\n‌\n\n‌\n\n‌\n\n‌\n\n‌\n\n‌\n\n‌\n\n‌\n\n‌\n\n‌\n\n‌\n\n‌\n\n‌\n\n‌\n\n‌\n\n‌\n\n‌\n\n‌\n\n‌\n\n‌\n\n‌\n\n‌\n\n‌\n\n‌\n\n‌\n\n‌\n\n‌\n\n‌\n\n‌\n\n‌\n\n‌\n\n‌\n\n‌\n\n‌\n\n‌\n\n‌\n\n‌\n\n‌\n\n‌\n\n‌\n\n‌\n\n‌\n\n‌\n\n‌\n\n‌\n\n‌\n\n‌\n\n‌\n\n‌\n\n‌\n\n![Image 41](https://image6.coupangcdn.com/image/mypromotion/icons/left_disable.png)\n\n![Image 42](https://image6.coupangcdn.com/image/mlp_admin/image/d10ed7b2e253be07f4761782f8514211.png)\n\n내 맞춤추천\n\n![Image 43](https://image9.coupangcdn.com/image/mlp_admin/image/a1d1919580c27c0b7640a1d3faa3d5a4.png)\n\n대형가전\n\n![Image 44](https://image8.coupangcdn.com/image/mlp_admin/image/94f0a083e38302bc9d55d7b86bd412b1.png)\n\n뷰티/헤어가전\n\n![Image 45](https://image6.coupangcdn.com/image/mlp_admin/image/a6d72437096a7860e07dedc6256936e8.png)\n\n생활가전\n\n![Image 46](https://image7.coupangcdn.com/image/mlp_admin/image/d46e20ff83ca547c09df2434663ca200.png)\n\n음향가전\n\n![Image 47](https://image9.coupangcdn.com/image/mlp_admin/image/3d18653e9ba6d7e0590a86a080704b51.png)\n\n주방가전\n\n![Image 48](https://image8.coupangcdn.com/image/mlp_admin/image/18e62b5f04eb58a5f79e10ee760f5b87.png)\n\n디지털가전\n\n![Image 49](https://image8.coupangcdn.com/image/mlp_admin/image/702162f1004e85235860d5199d16aada.png)\n\n겨울가전\n\n![Image 50](https://image6.coupangcdn.com/image/mypromotion/icons/right.png)\n\n‌\n\n‌\n\n‌\n\n‌\n\n‌\n\n‌\n\n‌\n\n‌\n\n‌\n\n‌\n\n‌\n\n‌\n\n‌\n\n‌\n\n‌\n\n‌\n\n‌\n\n‌\n\n‌\n\n‌\n\n‌\n\n‌\n\n‌\n\n‌\n\n‌\n\n‌\n\n‌\n\n‌\n\n‌\n\n‌\n\n‌\n\n‌\n\n‌\n\n‌\n\n‌\n\n‌\n\n‌\n\n‌\n\n‌\n\n‌\n\n‌\n\n‌\n\n‌\n\n‌\n\n‌\n\n‌\n\n‌\n\n‌\n\n‌\n\n‌\n\n‌\n\n‌\n\n‌\n\n‌\n\n‌\n\n‌\n\n‌\n\n‌\n\n‌\n\n‌\n\n*   [![Image 51](https://image.coupangcdn.com/image/displayitem/displayitem_8ad9b5e0-fd76-407b-b820-6494f03ffc31.jpg)](https://www.coupang.com/np/campaigns/1440)\n*   [![Image 52](https://image.coupangcdn.com/image/displayitem/displayitem_f0e08928-083a-4345-a96e-bdc927807695.jpg)](https://pages.coupang.com/p/158474)\n*   [![Image 53](https://image.coupangcdn.com/image/displayitem/displayitem_eea963ab-9659-4fb7-87c4-36be5b82917a.png)](https://www.coupang.com/np/categories/510691)\n*   [![Image 54](https://image.coupangcdn.com/image/displayitem/displayitem_ad84783d-4811-49c6-99e8-79a1085b0d8b.png)](https://pages.coupang.com/p/68594)\n*   [![Image 55](https://image.coupangcdn.com/image/displayitem/displayitem_92caf13f-61ae-4634-83c5-124d84633848.png)](https://wing.coupang.com/tenants/vendor-signup/signup?utm_source=button_pc_coupang_web_rignt_wing&utm_medium=non_paid&utm_id=onsite_ca&utm_content=20240516)\n\n[**장바구니**_0_](https://cart.coupang.com/cartView.pang \"장바구니\")\n\n**최근본상품**_0_\n\n*   최근본 상품이\n\n없습니다.\n\n/[prev](https://www.coupang.com/np/%EC%9D%B4%EC%A0%84%20%ED%8E%98%EC%9D%B4%EC%A7%80%20%EB%B3%B4%EA%B8%B0 \"이전 페이지 보기\")[next](https://www.coupang.com/np/%EB%8B%A4%EC%9D%8C%20%ED%8E%98%EC%9D%B4%EC%A7%80%20%EB%B3%B4%EA%B8%B0 \"다음 페이지 보기\")\n\n[top](javascript:; \"맨 위로 가기\")[up](javascript:; \"up\")[down](javascript:; \"down\")\n\n[회사소개](https://news.coupang.com/)[Investor Relations](https://ir.aboutcoupang.com/overview/default.aspx)[인재채용](https://rocketyourcareer.kr.coupang.com/)[입점/제휴문의](https://marketplace.coupangcorp.com/s/?utm_source=button_pc&utm_medium=non_paid&utm_campaign=onsite_ca&utm_id=coupang_app?inflow=WEB_FOOTER_B)[공지사항](https://mc.coupang.com/ssr/desktop/contact/notice)[고객의 소리](https://mc.coupang.com/ssr/desktop/contact/voc)[이용약관](https://www.coupang.com/np/policies/terms)[개인정보 처리방침](https://privacy.coupang.com/ko/center/coupang)[정보보호/개인정보보호 인증](https://privacy.coupang.com/ko/security/status)[쿠팡페이 이용약관](https://rocketpay.coupang.com/rocketpay/operationTerms/coupangPcFooter)[신뢰관리센터](https://www.coupang.com/np/safety)[제휴마케팅](https://partners.coupang.com/)[광고안내](https://ads.coupang.com/)\n\nGlobal Site\n\n \n*   [Coupang Taiwan 酷澎台灣](https://www.tw.coupang.com/)\n\n[COUPANG](https://www.coupang.com/ \"COUPANG\")\n\n 상호명 및 호스팅 서비스 제공 : 쿠팡(주)\n\n 대표이사 : 박대준\n\n 서울시 송파구 송파대로 570 \n\n 사업자 등록번호 : 120-88-00767 \n\n 통신판매업신고 : 2017-서울송파-0680\n\n[사업자정보 확인 >](http://www.ftc.go.kr/info/bizinfo/communicationViewPopup.jsp?wrkr_no=1208800767 \"사업자정  보 확인\")\n\n[**365고객센터** | 전자금융거래분쟁처리담당 _1577-7011 (유료)_ 서울시 송파구 송파대로 570 email : help@coupang.com](https://mc.coupang.com/ssr/desktop/contact/inquiry \"365 고객센터\")\n\n**채무지급보증 안내**\n\n 당사는 고객님이 현금 결제한 금액에 대해\n\n채무지급보증 계약을 체결하여\n\n안전거래를 보장하고 있습니다.\n\n[서비스 가입사실 확인 >](javascript:; \"서비스 가입사실 확인\")\n\n사이버몰 내 판매되는 상품 중에는 쿠팡에 등록한 개별 판매자가 판매하는 마켓플레이스(오픈마켓) 상품이 포함되어 있습니다. \n\n 마켓플레이스(오픈마켓) 상품의 경우 쿠팡은 통신판매중개자이며 통신판매의 당사자가 아닙니다. \n\n쿠팡은 마켓플레이스(오픈마켓) 상품, 거래정보 및 거래 등에 대하여 책임을 지지 않습니다. \n\n 쿠팡은 소비자 보호와 안전거래를 위해 신뢰관리센터(CM112@coupang.com)를 운영하고 있으며, 관련 분쟁이 발생할 경우 별도의 분쟁 처리절차에 의거 분쟁이 처리됩니다.\n\n Copyright © Coupang Corp. 2010-2025 All Rights Reserved.\n\n*   [쿠팡 페이스북](https://www.facebook.com/Coupang.korea \"쿠팡 페이스북\")\n*   [쿠팡 뉴스룸](https://news.coupang.com/ \"쿠팡 뉴스룸\")\n*   [쿠팡 인스타그램](https://www.instagram.com/coupang \"쿠팡 인스타그램\")"
      }
    ],
    "search_engine": "tavily",
    "search_options": {
      "depth": "advanced",
      "days": null,
      "include_content": true,
      "search_platforms": [
        "news",
        "blog",
        "naver",
        "coupang"
      ],
      "sort_by": "popular"
    }
  },
  "review_insights": null,
  "detail_page_result": null,
  "chat_history": [],
  "current_step": "swot",
  "completed_steps": [
    "swot"
  ]
}